[{"film":"Jumanji The Next Level","revenue":310830000,"budget":125000000,"language":"en","popularity":215054,"vote.average":6.8,"vote.count":2199,"release.date":"2019-12-04","genre":28,"certification":"PG-13","genre_txt":"Action","year":2019,"lustrum":"14-19","decade":"10-19","log_budget":8.0969,"log_rev":8.4925,"id":"512200"},{"film":"1917","revenue":364760929,"budget":100000000,"language":"en","popularity":135899,"vote.average":8,"vote.count":3132,"release.date":"2019-12-25","genre":28,"certification":"R","genre_txt":"Action","year":2019,"lustrum":"14-19","decade":"10-19","log_budget":8,"log_rev":8.562,"id":"530915"},{"film":"Parasite","revenue":245924070,"budget":11363000,"language":"ko","popularity":122505,"vote.average":8.6,"vote.count":5057,"release.date":"2019-05-30","genre":35,"certification":"R","genre_txt":"Comedy","year":2019,"lustrum":"14-19","decade":"10-19","log_budget":7.0555,"log_rev":8.3908,"id":"496243"},{"film":"Joker","revenue":1074151311,"budget":55000000,"language":"en","popularity":86981,"vote.average":8.2,"vote.count":9743,"release.date":"2019-10-02","genre":80,"certification":"R","genre_txt":"Crime","year":2019,"lustrum":"14-19","decade":"10-19","log_budget":7.7404,"log_rev":9.0311,"id":"475557"},{"film":"Cars","revenue":461983149,"budget":120000000,"language":"en","popularity":53136,"vote.average":6.7,"vote.count":8799,"release.date":"2006-06-08","genre":12,"certification":"G","genre_txt":"Adventure","year":2006,"lustrum":"05-09","decade":"00-09","log_budget":8.0792,"log_rev":8.6646,"id":"920"},{"film":"Midway","revenue":123114406,"budget":100000000,"language":"en","popularity":52568,"vote.average":6.7,"vote.count":447,"release.date":"2019-11-06","genre":28,"certification":"PG-13","genre_txt":"Action","year":2019,"lustrum":"14-19","decade":"10-19","log_budget":8,"log_rev":8.0903,"id":"522162"},{"film":"Jojo Rabbit","revenue":82468705,"budget":14000000,"language":"en","popularity":49582,"vote.average":8.1,"vote.count":2342,"release.date":"2019-10-18","genre":35,"certification":"PG-13","genre_txt":"Comedy","year":2019,"lustrum":"14-19","decade":"10-19","log_budget":7.1461,"log_rev":7.9163,"id":"515001"},{"film":"Once Upon a TimeÃ¢Â€Â¦ in Hollywood","revenue":374251247,"budget":95000000,"language":"en","popularity":46961,"vote.average":7.5,"vote.count":4954,"release.date":"2019-07-25","genre":35,"certification":"R","genre_txt":"Comedy","year":2019,"lustrum":"14-19","decade":"10-19","log_budget":7.9777,"log_rev":8.5732,"id":"466272"},{"film":"Bombshell","revenue":53774397,"budget":32000000,"language":"en","popularity":41811,"vote.average":6.8,"vote.count":514,"release.date":"2019-12-13","genre":18,"certification":"R","genre_txt":"Drama","year":2019,"lustrum":"14-19","decade":"10-19","log_budget":7.5051,"log_rev":7.7306,"id":"525661"},{"film":"Terminator Genisys","revenue":440603537,"budget":155000000,"language":"en","popularity":41214,"vote.average":5.9,"vote.count":5866,"release.date":"2015-06-23","genre":878,"certification":"PG-13","genre_txt":"Science Fiction","year":2015,"lustrum":"14-19","decade":"10-19","log_budget":8.1903,"log_rev":8.644,"id":"87101"},{"film":"Harry Potter and the Philosophers Stone","revenue":976475550,"budget":125000000,"language":"en","popularity":37202,"vote.average":7.8,"vote.count":15796,"release.date":"2001-11-16","genre":12,"certification":"PG","genre_txt":"Adventure","year":2001,"lustrum":"00-04","decade":"00-09","log_budget":8.0969,"log_rev":8.9897,"id":"671"},{"film":"Harry Potter and the Chamber of Secrets","revenue":876688482,"budget":100000000,"language":"en","popularity":34856,"vote.average":7.7,"vote.count":13353,"release.date":"2002-11-13","genre":12,"certification":"PG","genre_txt":"Adventure","year":2002,"lustrum":"00-04","decade":"00-09","log_budget":8,"log_rev":8.9428,"id":"672"},{"film":"xXx","revenue":277448382,"budget":70000000,"language":"en","popularity":34432,"vote.average":5.9,"vote.count":2673,"release.date":"2002-08-09","genre":28,"certification":"PG-13","genre_txt":"Action","year":2002,"lustrum":"00-04","decade":"00-09","log_budget":7.8451,"log_rev":8.4432,"id":"7451"},{"film":"Django Unchained","revenue":425368238,"budget":100000000,"language":"en","popularity":33118,"vote.average":8.1,"vote.count":17583,"release.date":"2012-12-25","genre":18,"certification":"R","genre_txt":"Drama","year":2012,"lustrum":"10-14","decade":"10-19","log_budget":8,"log_rev":8.6288,"id":"68718"},{"film":"Aladdin","revenue":504050219,"budget":28000000,"language":"en","popularity":32041,"vote.average":7.6,"vote.count":7447,"release.date":"1992-11-25","genre":12,"certification":"G","genre_txt":"Adventure","year":1992,"lustrum":"90-94","decade":"90-99","log_budget":7.4472,"log_rev":8.7025,"id":"812"},{"film":"John Wick Chapter 3  Parabellum","revenue":326699296,"budget":55000000,"language":"en","popularity":31932,"vote.average":7.1,"vote.count":3980,"release.date":"2019-05-15","genre":28,"certification":"R","genre_txt":"Action","year":2019,"lustrum":"14-19","decade":"10-19","log_budget":7.7404,"log_rev":8.5141,"id":"458156"},{"film":"Gemini Man","revenue":173469516,"budget":138000000,"language":"en","popularity":31129,"vote.average":5.9,"vote.count":1522,"release.date":"2019-10-02","genre":28,"certification":"PG-13","genre_txt":"Action","year":2019,"lustrum":"14-19","decade":"10-19","log_budget":8.1399,"log_rev":8.2392,"id":"453405"},{"film":"Brave","revenue":538983207,"budget":185000000,"language":"en","popularity":30464,"vote.average":6.9,"vote.count":9105,"release.date":"2012-06-21","genre":28,"certification":"PG","genre_txt":"Action","year":2012,"lustrum":"10-14","decade":"10-19","log_budget":8.2672,"log_rev":8.7316,"id":"62177"},{"film":"Avengers Age of Ultron","revenue":1405403694,"budget":280000000,"language":"en","popularity":30218,"vote.average":7.3,"vote.count":15143,"release.date":"2015-04-22","genre":28,"certification":"PG-13","genre_txt":"Action","year":2015,"lustrum":"14-19","decade":"10-19","log_budget":8.4472,"log_rev":9.1478,"id":"99861"},{"film":"Blade Runner","revenue":32868943,"budget":28000000,"language":"en","popularity":29973,"vote.average":7.9,"vote.count":8551,"release.date":"1982-06-25","genre":18,"certification":"R","genre_txt":"Drama","year":1982,"lustrum":"80-84","decade":"80-89","log_budget":7.4472,"log_rev":7.5168,"id":"78"},{"film":"Harry Potter and the Order of the Phoenix","revenue":938212738,"budget":150000000,"language":"en","popularity":29904,"vote.average":7.6,"vote.count":12186,"release.date":"2007-06-28","genre":12,"certification":"PG-13","genre_txt":"Adventure","year":2007,"lustrum":"05-09","decade":"00-09","log_budget":8.1761,"log_rev":8.9723,"id":"675"},{"film":"Harry Potter and the Prisoner of Azkaban","revenue":789804554,"budget":130000000,"language":"en","popularity":28056,"vote.average":8,"vote.count":13070,"release.date":"2004-05-31","genre":12,"certification":"PG","genre_txt":"Adventure","year":2004,"lustrum":"00-04","decade":"00-09","log_budget":8.1139,"log_rev":8.8975,"id":"673"},{"film":"The Addams Family","revenue":200185807,"budget":40000000,"language":"en","popularity":27937,"vote.average":6.2,"vote.count":632,"release.date":"2019-10-10","genre":16,"certification":"PG","genre_txt":"Animation","year":2019,"lustrum":"14-19","decade":"10-19","log_budget":7.6021,"log_rev":8.3014,"id":"481084"},{"film":"Mad Max Fury Road","revenue":378858340,"budget":150000000,"language":"en","popularity":27833,"vote.average":7.5,"vote.count":15754,"release.date":"2015-05-13","genre":28,"certification":"R","genre_txt":"Action","year":2015,"lustrum":"14-19","decade":"10-19","log_budget":8.1761,"log_rev":8.5785,"id":"76341"},{"film":"The Mask","revenue":351583407,"budget":23000000,"language":"en","popularity":27016,"vote.average":6.8,"vote.count":6117,"release.date":"1994-07-29","genre":10749,"certification":"PG-13","genre_txt":"Romance","year":1994,"lustrum":"90-94","decade":"90-99","log_budget":7.3617,"log_rev":8.546,"id":"854"},{"film":"The Dark Knight Rises","revenue":1081041287,"budget":250000000,"language":"en","popularity":26638,"vote.average":7.7,"vote.count":15402,"release.date":"2012-07-16","genre":28,"certification":"PG-13","genre_txt":"Action","year":2012,"lustrum":"10-14","decade":"10-19","log_budget":8.3979,"log_rev":9.0338,"id":"49026"},{"film":"Man of Steel","revenue":668045518,"budget":225000000,"language":"en","popularity":26031,"vote.average":6.5,"vote.count":10611,"release.date":"2013-06-12","genre":28,"certification":"PG-13","genre_txt":"Action","year":2013,"lustrum":"10-14","decade":"10-19","log_budget":8.3522,"log_rev":8.8248,"id":"49521"},{"film":"The Hobbit An Unexpected Journey","revenue":1021103568,"budget":250000000,"language":"en","popularity":25693,"vote.average":7.2,"vote.count":13069,"release.date":"2012-11-26","genre":28,"certification":"PG-13","genre_txt":"Action","year":2012,"lustrum":"10-14","decade":"10-19","log_budget":8.3979,"log_rev":9.0091,"id":"49051"},{"film":"Teenage Mutant Ninja Turtles","revenue":477200000,"budget":125000000,"language":"en","popularity":25569,"vote.average":5.8,"vote.count":4672,"release.date":"2014-08-07","genre":28,"certification":"PG-13","genre_txt":"Action","year":2014,"lustrum":"10-14","decade":"10-19","log_budget":8.0969,"log_rev":8.6787,"id":"98566"},{"film":"Gladiator","revenue":457640427,"budget":103000000,"language":"en","popularity":25383,"vote.average":8.1,"vote.count":11044,"release.date":"2000-05-01","genre":28,"certification":"R","genre_txt":"Action","year":2000,"lustrum":"00-04","decade":"00-09","log_budget":8.0128,"log_rev":8.6605,"id":"98"},{"film":"Jupiter Ascending","revenue":183987723,"budget":176000003,"language":"en","popularity":25258,"vote.average":5.3,"vote.count":4809,"release.date":"2015-02-04","genre":28,"certification":"PG-13","genre_txt":"Action","year":2015,"lustrum":"14-19","decade":"10-19","log_budget":8.2455,"log_rev":8.2648,"id":"76757"},{"film":"Mission Impossible  Ghost Protocol","revenue":694713380,"budget":145000000,"language":"en","popularity":24927,"vote.average":7,"vote.count":6690,"release.date":"2011-12-07","genre":28,"certification":"PG-13","genre_txt":"Action","year":2011,"lustrum":"10-14","decade":"10-19","log_budget":8.1614,"log_rev":8.8418,"id":"56292"},{"film":"Harry Potter and the Goblet of Fire","revenue":895921036,"budget":150000000,"language":"en","popularity":24613,"vote.average":7.8,"vote.count":12527,"release.date":"2005-11-16","genre":12,"certification":"PG-13","genre_txt":"Adventure","year":2005,"lustrum":"05-09","decade":"00-09","log_budget":8.1761,"log_rev":8.9523,"id":"674"},{"film":"The Lion King","revenue":987483777,"budget":45000000,"language":"en","popularity":24596,"vote.average":8.3,"vote.count":11732,"release.date":"1994-05-07","genre":16,"certification":"G","genre_txt":"Animation","year":1994,"lustrum":"90-94","decade":"90-99","log_budget":7.6532,"log_rev":8.9945,"id":"8587"},{"film":"The Godfather","revenue":245066411,"budget":6000000,"language":"en","popularity":24264,"vote.average":8.7,"vote.count":11521,"release.date":"1972-03-14","genre":80,"certification":"R","genre_txt":"Crime","year":1972,"lustrum":"70-74","decade":"70-79","log_budget":6.7782,"log_rev":8.3893,"id":"238"},{"film":"Thor The Dark World","revenue":644571402,"budget":170000000,"language":"en","popularity":23975,"vote.average":6.6,"vote.count":11377,"release.date":"2013-10-29","genre":28,"certification":"PG-13","genre_txt":"Action","year":2013,"lustrum":"10-14","decade":"10-19","log_budget":8.2304,"log_rev":8.8093,"id":"76338"},{"film":"I Am Legend","revenue":585349010,"budget":150000000,"language":"en","popularity":23887,"vote.average":7.1,"vote.count":10016,"release.date":"2007-12-14","genre":28,"certification":"PG-13","genre_txt":"Action","year":2007,"lustrum":"05-09","decade":"00-09","log_budget":8.1761,"log_rev":8.7674,"id":"6479"},{"film":"The Princess Diaries","revenue":165335153,"budget":37000000,"language":"en","popularity":23829,"vote.average":6.8,"vote.count":2925,"release.date":"2001-08-03","genre":35,"certification":"G","genre_txt":"Comedy","year":2001,"lustrum":"00-04","decade":"00-09","log_budget":7.5682,"log_rev":8.2184,"id":"9880"},{"film":"Seventh Son","revenue":114178613,"budget":95000000,"language":"en","popularity":23793,"vote.average":5.3,"vote.count":1703,"release.date":"2014-12-12","genre":12,"certification":"PG-13","genre_txt":"Adventure","year":2014,"lustrum":"10-14","decade":"10-19","log_budget":7.9777,"log_rev":8.0576,"id":"68737"},{"film":"Hereditary","revenue":79336821,"budget":10000000,"language":"en","popularity":23785,"vote.average":7.1,"vote.count":3470,"release.date":"2018-06-07","genre":27,"certification":"R","genre_txt":"Horror","year":2018,"lustrum":"14-19","decade":"10-19","log_budget":7,"log_rev":7.8995,"id":"493922"},{"film":"GoodFellas","revenue":46836394,"budget":25000000,"language":"en","popularity":23776,"vote.average":8.4,"vote.count":6781,"release.date":"1990-09-12","genre":18,"certification":"R","genre_txt":"Drama","year":1990,"lustrum":"90-94","decade":"90-99","log_budget":7.3979,"log_rev":7.6706,"id":"769"},{"film":"Gattaca","revenue":12532777,"budget":36000000,"language":"en","popularity":23535,"vote.average":7.5,"vote.count":3735,"release.date":"1997-09-07","genre":9648,"certification":"PG-13","genre_txt":"Mystery","year":1997,"lustrum":"95-99","decade":"90-99","log_budget":7.5563,"log_rev":7.098,"id":"782"},{"film":"Grease","revenue":181813770,"budget":6000000,"language":"en","popularity":23458,"vote.average":7.4,"vote.count":4450,"release.date":"1978-07-07","genre":10749,"certification":"PG-13","genre_txt":"Romance","year":1978,"lustrum":"75-79","decade":"70-79","log_budget":6.7782,"log_rev":8.2596,"id":"621"},{"film":"The Shining","revenue":44781695,"budget":19000000,"language":"en","popularity":23377,"vote.average":8.2,"vote.count":10241,"release.date":"1980-05-22","genre":27,"certification":"R","genre_txt":"Horror","year":1980,"lustrum":"80-84","decade":"80-89","log_budget":7.2788,"log_rev":7.6511,"id":"694"},{"film":"Green Book","revenue":319700000,"budget":23000000,"language":"en","popularity":23238,"vote.average":8.3,"vote.count":5530,"release.date":"2018-11-16","genre":35,"certification":"PG-13","genre_txt":"Comedy","year":2018,"lustrum":"14-19","decade":"10-19","log_budget":7.3617,"log_rev":8.5047,"id":"490132"},{"film":"Aliens","revenue":183316455,"budget":18500000,"language":"en","popularity":23148,"vote.average":7.9,"vote.count":5700,"release.date":"1986-07-18","genre":28,"certification":"R","genre_txt":"Action","year":1986,"lustrum":"85-89","decade":"80-89","log_budget":7.2672,"log_rev":8.2632,"id":"679"},{"film":"Close Encounters of the Third Kind","revenue":303788635,"budget":20000000,"language":"en","popularity":23079,"vote.average":7.4,"vote.count":2362,"release.date":"1977-11-16","genre":18,"certification":"PG","genre_txt":"Drama","year":1977,"lustrum":"75-79","decade":"70-79","log_budget":7.301,"log_rev":8.4826,"id":"840"},{"film":"The Incredibles","revenue":631442092,"budget":92000000,"language":"en","popularity":22878,"vote.average":7.7,"vote.count":11841,"release.date":"2004-11-05","genre":28,"certification":"PG","genre_txt":"Action","year":2004,"lustrum":"00-04","decade":"00-09","log_budget":7.9638,"log_rev":8.8003,"id":"9806"},{"film":"Saving Private Ryan","revenue":481840909,"budget":70000000,"language":"en","popularity":22602,"vote.average":8.1,"vote.count":9567,"release.date":"1998-07-24","genre":18,"certification":"R","genre_txt":"Drama","year":1998,"lustrum":"95-99","decade":"90-99","log_budget":7.8451,"log_rev":8.6829,"id":"857"},{"film":"Safe House","revenue":208076205,"budget":85000000,"language":"en","popularity":22183,"vote.average":6.4,"vote.count":2220,"release.date":"2012-02-09","genre":28,"certification":"R","genre_txt":"Action","year":2012,"lustrum":"10-14","decade":"10-19","log_budget":7.9294,"log_rev":8.3182,"id":"59961"},{"film":"A Bugs Life","revenue":363258859,"budget":120000000,"language":"en","popularity":22158,"vote.average":6.9,"vote.count":5687,"release.date":"1998-11-25","genre":12,"certification":"G","genre_txt":"Adventure","year":1998,"lustrum":"95-99","decade":"90-99","log_budget":8.0792,"log_rev":8.5602,"id":"9487"},{"film":"Monty Python and the Holy Grail","revenue":5028948,"budget":400000,"language":"en","popularity":21969,"vote.average":7.8,"vote.count":3472,"release.date":"1975-05-25","genre":12,"certification":"PG","genre_txt":"Adventure","year":1975,"lustrum":"75-79","decade":"70-79","log_budget":5.6021,"log_rev":6.7015,"id":"762"},{"film":"Mission Impossible","revenue":457696359,"budget":80000000,"language":"en","popularity":21956,"vote.average":6.9,"vote.count":5305,"release.date":"1996-05-22","genre":12,"certification":"PG-13","genre_txt":"Adventure","year":1996,"lustrum":"95-99","decade":"90-99","log_budget":7.9031,"log_rev":8.6606,"id":"954"},{"film":"Jaws","revenue":470653000,"budget":7000000,"language":"en","popularity":21501,"vote.average":7.6,"vote.count":5836,"release.date":"1975-06-18","genre":12,"certification":"PG-13","genre_txt":"Adventure","year":1975,"lustrum":"75-79","decade":"70-79","log_budget":6.8451,"log_rev":8.6727,"id":"578"},{"film":"Iron Man 3","revenue":1215439994,"budget":200000000,"language":"en","popularity":21434,"vote.average":6.9,"vote.count":15586,"release.date":"2013-04-18","genre":28,"certification":"PG-13","genre_txt":"Action","year":2013,"lustrum":"10-14","decade":"10-19","log_budget":8.301,"log_rev":9.0847,"id":"68721"},{"film":"Bad Boys II","revenue":273339556,"budget":130000000,"language":"en","popularity":21206,"vote.average":6.5,"vote.count":3115,"release.date":"2003-07-18","genre":28,"certification":"R","genre_txt":"Action","year":2003,"lustrum":"00-04","decade":"00-09","log_budget":8.1139,"log_rev":8.4367,"id":"8961"},{"film":"Gravity","revenue":716392705,"budget":105000000,"language":"en","popularity":21149,"vote.average":7.2,"vote.count":10705,"release.date":"2013-10-03","genre":18,"certification":"PG-13","genre_txt":"Drama","year":2013,"lustrum":"10-14","decade":"10-19","log_budget":8.0212,"log_rev":8.8552,"id":"49047"},{"film":"Ice Age The Meltdown","revenue":660940780,"budget":80000000,"language":"en","popularity":21127,"vote.average":6.6,"vote.count":6529,"release.date":"2006-03-29","genre":12,"certification":"PG","genre_txt":"Adventure","year":2006,"lustrum":"05-09","decade":"00-09","log_budget":7.9031,"log_rev":8.8202,"id":"950"},{"film":"Prometheus","revenue":403170142,"budget":130000000,"language":"en","popularity":21038,"vote.average":6.4,"vote.count":8065,"release.date":"2012-05-30","genre":12,"certification":"R","genre_txt":"Adventure","year":2012,"lustrum":"10-14","decade":"10-19","log_budget":8.1139,"log_rev":8.6055,"id":"70981"},{"film":"Mirror Mirror","revenue":183018522,"budget":85000000,"language":"en","popularity":20943,"vote.average":5.9,"vote.count":2361,"release.date":"2012-03-15","genre":12,"certification":"PG","genre_txt":"Adventure","year":2012,"lustrum":"10-14","decade":"10-19","log_budget":7.9294,"log_rev":8.2625,"id":"62764"},{"film":"Airplane","revenue":83453539,"budget":3500000,"language":"en","popularity":20898,"vote.average":7.3,"vote.count":2399,"release.date":"1980-07-02","genre":35,"certification":"PG","genre_txt":"Comedy","year":1980,"lustrum":"80-84","decade":"80-89","log_budget":6.5441,"log_rev":7.9214,"id":"813"},{"film":"Twilight","revenue":393616788,"budget":37000000,"language":"en","popularity":20682,"vote.average":6,"vote.count":8316,"release.date":"2008-11-20","genre":14,"certification":"PG-13","genre_txt":"Fantasy","year":2008,"lustrum":"05-09","decade":"00-09","log_budget":7.5682,"log_rev":8.5951,"id":"8966"},{"film":"Master and Commander The Far Side of the World","revenue":212011111,"budget":150000000,"language":"en","popularity":20669,"vote.average":7.1,"vote.count":1708,"release.date":"2003-11-14","genre":12,"certification":"PG-13","genre_txt":"Adventure","year":2003,"lustrum":"00-04","decade":"00-09","log_budget":8.1761,"log_rev":8.3264,"id":"8619"},{"film":"The Lorax","revenue":348840316,"budget":70000000,"language":"en","popularity":20646,"vote.average":6.4,"vote.count":2069,"release.date":"2012-03-01","genre":16,"certification":"PG","genre_txt":"Animation","year":2012,"lustrum":"10-14","decade":"10-19","log_budget":7.8451,"log_rev":8.5426,"id":"73723"},{"film":"The Hobbit The Desolation of Smaug","revenue":958400000,"budget":250000000,"language":"en","popularity":20593,"vote.average":7.6,"vote.count":8527,"release.date":"2013-12-11","genre":28,"certification":"PG-13","genre_txt":"Action","year":2013,"lustrum":"10-14","decade":"10-19","log_budget":8.3979,"log_rev":8.9815,"id":"57158"},{"film":"Oblivion","revenue":286168572,"budget":120000000,"language":"en","popularity":20578,"vote.average":6.5,"vote.count":7499,"release.date":"2013-04-10","genre":28,"certification":"PG-13","genre_txt":"Action","year":2013,"lustrum":"10-14","decade":"10-19","log_budget":8.0792,"log_rev":8.4566,"id":"75612"},{"film":"Madagascar","revenue":532680671,"budget":75000000,"language":"en","popularity":20574,"vote.average":6.8,"vote.count":7031,"release.date":"2005-05-25","genre":16,"certification":"PG","genre_txt":"Animation","year":2005,"lustrum":"05-09","decade":"00-09","log_budget":7.8751,"log_rev":8.7265,"id":"953"},{"film":"xXx Return of Xander Cage","revenue":346147658,"budget":85000000,"language":"en","popularity":20561,"vote.average":5.6,"vote.count":2710,"release.date":"2017-01-13","genre":28,"certification":"PG-13","genre_txt":"Action","year":2017,"lustrum":"14-19","decade":"10-19","log_budget":7.9294,"log_rev":8.5393,"id":"47971"},{"film":"Mission Impossible II","revenue":546388105,"budget":125000000,"language":"en","popularity":20525,"vote.average":6.1,"vote.count":3984,"release.date":"2000-05-24","genre":28,"certification":"PG-13","genre_txt":"Action","year":2000,"lustrum":"00-04","decade":"00-09","log_budget":8.0969,"log_rev":8.7375,"id":"955"},{"film":"Fantastic Four","revenue":330579719,"budget":100000000,"language":"en","popularity":20416,"vote.average":5.7,"vote.count":6297,"release.date":"2005-06-29","genre":28,"certification":"PG-13","genre_txt":"Action","year":2005,"lustrum":"05-09","decade":"00-09","log_budget":8,"log_rev":8.5193,"id":"9738"},{"film":"Mission Impossible III","revenue":397850012,"budget":150000000,"language":"en","popularity":20382,"vote.average":6.6,"vote.count":4040,"release.date":"2006-05-03","genre":28,"certification":"PG-13","genre_txt":"Action","year":2006,"lustrum":"05-09","decade":"00-09","log_budget":8.1761,"log_rev":8.5997,"id":"956"},{"film":"WreckIt Ralph","revenue":471222889,"budget":165000000,"language":"en","popularity":20304,"vote.average":7.3,"vote.count":8620,"release.date":"2012-11-01","genre":12,"certification":"PG","genre_txt":"Adventure","year":2012,"lustrum":"10-14","decade":"10-19","log_budget":8.2175,"log_rev":8.6732,"id":"82690"},{"film":"Shrek 2","revenue":919838758,"budget":150000000,"language":"en","popularity":20267,"vote.average":7,"vote.count":7138,"release.date":"2004-05-19","genre":12,"certification":"PG","genre_txt":"Adventure","year":2004,"lustrum":"00-04","decade":"00-09","log_budget":8.1761,"log_rev":8.9637,"id":"809"},{"film":"The Twilight Saga Breaking Dawn  Part 1","revenue":712171856,"budget":110000000,"language":"en","popularity":20229,"vote.average":6,"vote.count":5693,"release.date":"2011-03-15","genre":12,"certification":"PG-13","genre_txt":"Adventure","year":2011,"lustrum":"10-14","decade":"10-19","log_budget":8.0414,"log_rev":8.8526,"id":"50619"},{"film":"Total Recall","revenue":198802074,"budget":125000000,"language":"en","popularity":19867,"vote.average":5.9,"vote.count":3794,"release.date":"2012-08-02","genre":28,"certification":"PG-13","genre_txt":"Action","year":2012,"lustrum":"10-14","decade":"10-19","log_budget":8.0969,"log_rev":8.2984,"id":"64635"},{"film":"Harry Potter and the HalfBlood Prince","revenue":933959197,"budget":250000000,"language":"en","popularity":19707,"vote.average":7.7,"vote.count":11900,"release.date":"2009-07-07","genre":12,"certification":"PG","genre_txt":"Adventure","year":2009,"lustrum":"05-09","decade":"00-09","log_budget":8.3979,"log_rev":8.9703,"id":"767"},{"film":"The Sixth Sense","revenue":672806292,"budget":40000000,"language":"en","popularity":19635,"vote.average":7.9,"vote.count":7095,"release.date":"1999-08-06","genre":9648,"certification":"PG-13","genre_txt":"Mystery","year":1999,"lustrum":"95-99","decade":"90-99","log_budget":7.6021,"log_rev":8.8279,"id":"745"},{"film":"AlienÃÂ³","revenue":159773545,"budget":50000000,"language":"en","popularity":19533,"vote.average":6.3,"vote.count":3186,"release.date":"1992-05-22","genre":28,"certification":"R","genre_txt":"Action","year":1992,"lustrum":"90-94","decade":"90-99","log_budget":7.699,"log_rev":8.2035,"id":"8077"},{"film":"How to Train Your Dragon 2","revenue":609123048,"budget":145000000,"language":"en","popularity":19533,"vote.average":7.7,"vote.count":6327,"release.date":"2014-06-09","genre":28,"certification":"PG","genre_txt":"Action","year":2014,"lustrum":"10-14","decade":"10-19","log_budget":8.1614,"log_rev":8.7847,"id":"82702"},{"film":"NausicaÃƒÂ¤ of the Valley of the Wind","revenue":3301446,"budget":1000000,"language":"ja","popularity":19491,"vote.average":7.9,"vote.count":1681,"release.date":"1984-03-11","genre":12,"certification":"PG","genre_txt":"Adventure","year":1984,"lustrum":"80-84","decade":"80-89","log_budget":6,"log_rev":6.5187,"id":"81"},{"film":"Galaxy Quest","revenue":90683916,"budget":45000000,"language":"en","popularity":19466,"vote.average":7,"vote.count":1252,"release.date":"1999-12-23","genre":35,"certification":"PG","genre_txt":"Comedy","year":1999,"lustrum":"95-99","decade":"90-99","log_budget":7.6532,"log_rev":7.9575,"id":"926"},{"film":"Drive","revenue":78054825,"budget":15000000,"language":"en","popularity":19364,"vote.average":7.5,"vote.count":7678,"release.date":"2011-08-06","genre":28,"certification":"R","genre_txt":"Action","year":2011,"lustrum":"10-14","decade":"10-19","log_budget":7.1761,"log_rev":7.8924,"id":"64690"},{"film":"Troy","revenue":497409852,"budget":175000000,"language":"en","popularity":19299,"vote.average":7,"vote.count":6173,"release.date":"2004-05-03","genre":12,"certification":"R","genre_txt":"Adventure","year":2004,"lustrum":"00-04","decade":"00-09","log_budget":8.243,"log_rev":8.6967,"id":"652"},{"film":"The Exorcist","revenue":441306145,"budget":8000000,"language":"en","popularity":19284,"vote.average":7.6,"vote.count":4464,"release.date":"1973-12-26","genre":27,"certification":"R","genre_txt":"Horror","year":1973,"lustrum":"70-74","decade":"70-79","log_budget":6.9031,"log_rev":8.6447,"id":"9552"},{"film":"Kung Fu Panda 2","revenue":665692281,"budget":150000000,"language":"en","popularity":19125,"vote.average":6.8,"vote.count":4141,"release.date":"2011-05-25","genre":16,"certification":"PG","genre_txt":"Animation","year":2011,"lustrum":"10-14","decade":"10-19","log_budget":8.1761,"log_rev":8.8233,"id":"49444"},{"film":"Oldboy","revenue":14980005,"budget":3000000,"language":"ko","popularity":19099,"vote.average":8.2,"vote.count":4393,"release.date":"2003-11-21","genre":28,"certification":"R","genre_txt":"Action","year":2003,"lustrum":"00-04","decade":"00-09","log_budget":6.4771,"log_rev":7.1755,"id":"670"},{"film":"Pearl Harbor","revenue":449220945,"budget":140000000,"language":"en","popularity":18999,"vote.average":6.8,"vote.count":3890,"release.date":"2001-05-21","genre":18,"certification":"PG-13","genre_txt":"Drama","year":2001,"lustrum":"00-04","decade":"00-09","log_budget":8.1461,"log_rev":8.6525,"id":"676"},{"film":"AI Artificial Intelligence","revenue":235926552,"budget":100000000,"language":"en","popularity":18972,"vote.average":7,"vote.count":3930,"release.date":"2001-06-29","genre":12,"certification":"PG-13","genre_txt":"Adventure","year":2001,"lustrum":"00-04","decade":"00-09","log_budget":8,"log_rev":8.3728,"id":"644"},{"film":"Pacific Rim","revenue":407602906,"budget":180000000,"language":"en","popularity":18923,"vote.average":6.8,"vote.count":8318,"release.date":"2013-07-11","genre":28,"certification":"PG-13","genre_txt":"Action","year":2013,"lustrum":"10-14","decade":"10-19","log_budget":8.2553,"log_rev":8.6102,"id":"68726"},{"film":"Home Alone 2 Lost in New York","revenue":358994850,"budget":18000000,"language":"en","popularity":18835,"vote.average":6.5,"vote.count":5684,"release.date":"1992-11-19","genre":35,"certification":"PG","genre_txt":"Comedy","year":1992,"lustrum":"90-94","decade":"90-99","log_budget":7.2553,"log_rev":8.5551,"id":"772"},{"film":"Warcraft","revenue":433677183,"budget":160000000,"language":"en","popularity":18816,"vote.average":6.3,"vote.count":4544,"release.date":"2016-05-25","genre":28,"certification":"PG-13","genre_txt":"Action","year":2016,"lustrum":"14-19","decade":"10-19","log_budget":8.2041,"log_rev":8.6372,"id":"68735"},{"film":"Bad Boys","revenue":141407024,"budget":19000000,"language":"en","popularity":18777,"vote.average":6.6,"vote.count":3527,"release.date":"1995-04-07","genre":28,"certification":"R","genre_txt":"Action","year":1995,"lustrum":"95-99","decade":"90-99","log_budget":7.2788,"log_rev":8.1505,"id":"9737"},{"film":"Toy Story 2","revenue":497366869,"budget":90000000,"language":"en","popularity":18675,"vote.average":7.5,"vote.count":8812,"release.date":"1999-10-30","genre":16,"certification":"G","genre_txt":"Animation","year":1999,"lustrum":"95-99","decade":"90-99","log_budget":7.9542,"log_rev":8.6967,"id":"863"},{"film":"Kung Fu Panda","revenue":631744560,"budget":130000000,"language":"en","popularity":18455,"vote.average":7.1,"vote.count":6932,"release.date":"2008-06-04","genre":12,"certification":"PG","genre_txt":"Adventure","year":2008,"lustrum":"05-09","decade":"00-09","log_budget":8.1139,"log_rev":8.8005,"id":"9502"},{"film":"In Time","revenue":173930596,"budget":40000000,"language":"en","popularity":18455,"vote.average":6.9,"vote.count":7080,"release.date":"2011-10-27","genre":28,"certification":"PG-13","genre_txt":"Action","year":2011,"lustrum":"10-14","decade":"10-19","log_budget":7.6021,"log_rev":8.2404,"id":"49530"},{"film":"Rise of the Planet of the Apes","revenue":482860185,"budget":93000000,"language":"en","popularity":18363,"vote.average":7.2,"vote.count":8004,"release.date":"2011-08-03","genre":28,"certification":"PG-13","genre_txt":"Action","year":2011,"lustrum":"10-14","decade":"10-19","log_budget":7.9685,"log_rev":8.6838,"id":"61791"},{"film":"All the Presidents Men","revenue":70600000,"budget":8500000,"language":"en","popularity":18211,"vote.average":7.8,"vote.count":917,"release.date":"1976-04-04","genre":18,"certification":"PG","genre_txt":"Drama","year":1976,"lustrum":"75-79","decade":"70-79","log_budget":6.9294,"log_rev":7.8488,"id":"891"},{"film":"The Expendables 2","revenue":312573423,"budget":100000000,"language":"en","popularity":18158,"vote.average":6.2,"vote.count":4606,"release.date":"2012-08-08","genre":28,"certification":"R","genre_txt":"Action","year":2012,"lustrum":"10-14","decade":"10-19","log_budget":8,"log_rev":8.495,"id":"76163"},{"film":"Superman","revenue":300218018,"budget":55000000,"language":"en","popularity":18048,"vote.average":7.1,"vote.count":2135,"release.date":"1978-12-13","genre":28,"certification":"PG","genre_txt":"Action","year":1978,"lustrum":"75-79","decade":"70-79","log_budget":7.7404,"log_rev":8.4774,"id":"1924"},{"film":"Toy Story","revenue":373554033,"budget":30000000,"language":"en","popularity":17966,"vote.average":7.9,"vote.count":11754,"release.date":"1995-10-30","genre":16,"certification":"G","genre_txt":"Animation","year":1995,"lustrum":"95-99","decade":"90-99","log_budget":7.4771,"log_rev":8.5724,"id":"862"},{"film":"Antz","revenue":171757863,"budget":60000000,"language":"en","popularity":17838,"vote.average":6.1,"vote.count":2941,"release.date":"1998-10-02","genre":12,"certification":"PG","genre_txt":"Adventure","year":1998,"lustrum":"95-99","decade":"90-99","log_budget":7.7782,"log_rev":8.2349,"id":"8916"},{"film":"Unbreakable","revenue":248118121,"budget":75000000,"language":"en","popularity":17792,"vote.average":7.1,"vote.count":5844,"release.date":"2000-11-13","genre":18,"certification":"PG-13","genre_txt":"Drama","year":2000,"lustrum":"00-04","decade":"00-09","log_budget":7.8751,"log_rev":8.3947,"id":"9741"},{"film":"Gnomeo  Juliet","revenue":189712432,"budget":36000000,"language":"en","popularity":17787,"vote.average":5.8,"vote.count":1245,"release.date":"2011-01-13","genre":16,"certification":"G","genre_txt":"Animation","year":2011,"lustrum":"10-14","decade":"10-19","log_budget":7.5563,"log_rev":8.2781,"id":"45772"},{"film":"Children of Men","revenue":69959751,"budget":76000000,"language":"en","popularity":17759,"vote.average":7.6,"vote.count":4144,"release.date":"2006-09-22","genre":28,"certification":"R","genre_txt":"Action","year":2006,"lustrum":"05-09","decade":"00-09","log_budget":7.8808,"log_rev":7.8448,"id":"9693"},{"film":"Ghostbusters","revenue":295212467,"budget":30000000,"language":"en","popularity":17725,"vote.average":7.4,"vote.count":5302,"release.date":"1984-06-08","genre":35,"certification":"PG","genre_txt":"Comedy","year":1984,"lustrum":"80-84","decade":"80-89","log_budget":7.4771,"log_rev":8.4701,"id":"620"},{"film":"A Clockwork Orange","revenue":26589000,"budget":2200000,"language":"en","popularity":17707,"vote.average":8.2,"vote.count":7821,"release.date":"1971-12-18","genre":18,"certification":"R","genre_txt":"Drama","year":1971,"lustrum":"70-74","decade":"70-79","log_budget":6.3424,"log_rev":7.4247,"id":"185"},{"film":"Black Hawk Down","revenue":172989651,"budget":92000000,"language":"en","popularity":17686,"vote.average":7.3,"vote.count":3320,"release.date":"2001-12-28","genre":28,"certification":"R","genre_txt":"Action","year":2001,"lustrum":"00-04","decade":"00-09","log_budget":7.9638,"log_rev":8.238,"id":"855"},{"film":"DragonHeart","revenue":115267375,"budget":57000000,"language":"en","popularity":17479,"vote.average":6.5,"vote.count":1204,"release.date":"1996-05-31","genre":14,"certification":"PG-13","genre_txt":"Fantasy","year":1996,"lustrum":"95-99","decade":"90-99","log_budget":7.7559,"log_rev":8.0617,"id":"8840"},{"film":"The Twilight Saga Breaking Dawn  Part 2","revenue":829000000,"budget":120000000,"language":"en","popularity":17381,"vote.average":6.3,"vote.count":5740,"release.date":"2012-11-13","genre":12,"certification":"PG-13","genre_txt":"Adventure","year":2012,"lustrum":"10-14","decade":"10-19","log_budget":8.0792,"log_rev":8.9186,"id":"50620"},{"film":"Monsters University","revenue":743559607,"budget":200000000,"language":"en","popularity":17347,"vote.average":7,"vote.count":7061,"release.date":"2013-06-20","genre":16,"certification":"G","genre_txt":"Animation","year":2013,"lustrum":"10-14","decade":"10-19","log_budget":8.301,"log_rev":8.8713,"id":"62211"},{"film":"The Man with the Golden Gun","revenue":97572000,"budget":7000000,"language":"en","popularity":17248,"vote.average":6.5,"vote.count":1022,"release.date":"1974-12-01","genre":28,"certification":"PG","genre_txt":"Action","year":1974,"lustrum":"70-74","decade":"70-79","log_budget":6.8451,"log_rev":7.9893,"id":"682"},{"film":"Shooter","revenue":95696996,"budget":61000000,"language":"en","popularity":17227,"vote.average":7,"vote.count":2660,"release.date":"2007-03-22","genre":28,"certification":"R","genre_txt":"Action","year":2007,"lustrum":"05-09","decade":"00-09","log_budget":7.7853,"log_rev":7.9809,"id":"7485"},{"film":"Limitless","revenue":161849455,"budget":27000000,"language":"en","popularity":17178,"vote.average":7.2,"vote.count":7042,"release.date":"2011-03-08","genre":53,"certification":"PG-13","genre_txt":"Thriller","year":2011,"lustrum":"10-14","decade":"10-19","log_budget":7.4314,"log_rev":8.2091,"id":"51876"},{"film":"Taken","revenue":226830568,"budget":25000000,"language":"en","popularity":17173,"vote.average":7.3,"vote.count":7483,"release.date":"2008-02-18","genre":28,"certification":"PG-13","genre_txt":"Action","year":2008,"lustrum":"05-09","decade":"00-09","log_budget":7.3979,"log_rev":8.3557,"id":"8681"},{"film":"Elysium","revenue":286140700,"budget":115000000,"language":"en","popularity":17169,"vote.average":6.4,"vote.count":5932,"release.date":"2013-08-07","genre":28,"certification":"R","genre_txt":"Action","year":2013,"lustrum":"10-14","decade":"10-19","log_budget":8.0607,"log_rev":8.4566,"id":"68724"},{"film":"12 Years a Slave","revenue":187000000,"budget":20000000,"language":"en","popularity":17143,"vote.average":7.9,"vote.count":7485,"release.date":"2013-10-18","genre":18,"certification":"R","genre_txt":"Drama","year":2013,"lustrum":"10-14","decade":"10-19","log_budget":7.301,"log_rev":8.2718,"id":"76203"},{"film":"The Great Gatsby","revenue":351040419,"budget":105000000,"language":"en","popularity":17096,"vote.average":7.4,"vote.count":8050,"release.date":"2013-05-10","genre":18,"certification":"PG-13","genre_txt":"Drama","year":2013,"lustrum":"10-14","decade":"10-19","log_budget":8.0212,"log_rev":8.5454,"id":"64682"},{"film":"The Godfather Part II","revenue":102600000,"budget":13000000,"language":"en","popularity":17026,"vote.average":8.5,"vote.count":6773,"release.date":"1974-12-20","genre":80,"certification":"R","genre_txt":"Crime","year":1974,"lustrum":"70-74","decade":"70-79","log_budget":7.1139,"log_rev":8.0111,"id":"240"},{"film":"The Gods Must Be Crazy","revenue":60000000,"budget":5000000,"language":"en","popularity":16985,"vote.average":7.1,"vote.count":529,"release.date":"1980-09-10","genre":28,"certification":"PG","genre_txt":"Action","year":1980,"lustrum":"80-84","decade":"80-89","log_budget":6.699,"log_rev":7.7782,"id":"8393"},{"film":"Shrek the Third","revenue":798958165,"budget":160000000,"language":"en","popularity":16954,"vote.average":6.2,"vote.count":5487,"release.date":"2007-05-17","genre":14,"certification":"PG","genre_txt":"Fantasy","year":2007,"lustrum":"05-09","decade":"00-09","log_budget":8.2041,"log_rev":8.9025,"id":"810"},{"film":"One Flew Over the Cuckoos Nest","revenue":108981275,"budget":3000000,"language":"en","popularity":16893,"vote.average":8.4,"vote.count":6297,"release.date":"1975-11-18","genre":18,"certification":"R","genre_txt":"Drama","year":1975,"lustrum":"75-79","decade":"70-79","log_budget":6.4771,"log_rev":8.0374,"id":"510"},{"film":"Now You See Me","revenue":117698894,"budget":75000000,"language":"en","popularity":16888,"vote.average":7.4,"vote.count":10943,"release.date":"2013-05-29","genre":53,"certification":"PG-13","genre_txt":"Thriller","year":2013,"lustrum":"10-14","decade":"10-19","log_budget":7.8751,"log_rev":8.0708,"id":"75656"},{"film":"Alien Resurrection","revenue":162000000,"budget":70000000,"language":"en","popularity":16885,"vote.average":6,"vote.count":2707,"release.date":"1997-11-12","genre":28,"certification":"R","genre_txt":"Action","year":1997,"lustrum":"95-99","decade":"90-99","log_budget":7.8451,"log_rev":8.2095,"id":"8078"},{"film":"The Prince of Egypt","revenue":218613188,"budget":70000000,"language":"en","popularity":16874,"vote.average":7.1,"vote.count":2252,"release.date":"1998-12-15","genre":12,"certification":"PG","genre_txt":"Adventure","year":1998,"lustrum":"95-99","decade":"90-99","log_budget":7.8451,"log_rev":8.3397,"id":"9837"},{"film":"Gone in Sixty Seconds","revenue":237202299,"budget":90000000,"language":"en","popularity":16834,"vote.average":6.3,"vote.count":2640,"release.date":"2000-06-09","genre":28,"certification":"PG-13","genre_txt":"Action","year":2000,"lustrum":"00-04","decade":"00-09","log_budget":7.9542,"log_rev":8.3751,"id":"9679"},{"film":"National Treasure Book of Secrets","revenue":457363168,"budget":130000000,"language":"en","popularity":16811,"vote.average":6.2,"vote.count":3323,"release.date":"2007-12-13","genre":28,"certification":"PG","genre_txt":"Action","year":2007,"lustrum":"05-09","decade":"00-09","log_budget":8.1139,"log_rev":8.6603,"id":"6637"},{"film":"The Living Daylights","revenue":191185897,"budget":40000000,"language":"en","popularity":16785,"vote.average":6.4,"vote.count":863,"release.date":"1987-06-29","genre":28,"certification":"PG","genre_txt":"Action","year":1987,"lustrum":"85-89","decade":"80-89","log_budget":7.6021,"log_rev":8.2815,"id":"708"},{"film":"Indiana Jones and the Last Crusade","revenue":474171806,"budget":48000000,"language":"en","popularity":16771,"vote.average":7.8,"vote.count":6098,"release.date":"1989-05-24","genre":12,"certification":"PG-13","genre_txt":"Adventure","year":1989,"lustrum":"85-89","decade":"80-89","log_budget":7.6812,"log_rev":8.6759,"id":"89"},{"film":"American Wedding","revenue":231449203,"budget":55000000,"language":"en","popularity":16717,"vote.average":6.1,"vote.count":2536,"release.date":"2003-08-01","genre":35,"certification":"R","genre_txt":"Comedy","year":2003,"lustrum":"00-04","decade":"00-09","log_budget":7.7404,"log_rev":8.3645,"id":"8273"},{"film":"Treasure Planet","revenue":109578115,"budget":140000000,"language":"en","popularity":16709,"vote.average":7.4,"vote.count":2288,"release.date":"2002-11-26","genre":12,"certification":"PG","genre_txt":"Adventure","year":2002,"lustrum":"00-04","decade":"00-09","log_budget":8.1461,"log_rev":8.0397,"id":"9016"},{"film":"Cloud Atlas","revenue":130482868,"budget":102000000,"language":"en","popularity":16694,"vote.average":6.8,"vote.count":4931,"release.date":"2012-10-26","genre":18,"certification":"R","genre_txt":"Drama","year":2012,"lustrum":"10-14","decade":"10-19","log_budget":8.0086,"log_rev":8.1156,"id":"83542"},{"film":"Who Framed Roger Rabbit","revenue":329803958,"budget":70000000,"language":"en","popularity":16673,"vote.average":7.4,"vote.count":3318,"release.date":"1988-06-21","genre":16,"certification":"PG","genre_txt":"Animation","year":1988,"lustrum":"85-89","decade":"80-89","log_budget":7.8451,"log_rev":8.5183,"id":"856"},{"film":"Over the Hedge","revenue":343397247,"budget":80000000,"language":"en","popularity":16543,"vote.average":6.4,"vote.count":2730,"release.date":"2006-05-17","genre":16,"certification":"PG","genre_txt":"Animation","year":2006,"lustrum":"05-09","decade":"00-09","log_budget":7.9031,"log_rev":8.5358,"id":"7518"},{"film":"Cowboys  Aliens","revenue":174822325,"budget":163000000,"language":"en","popularity":16411,"vote.average":5.5,"vote.count":3420,"release.date":"2011-07-29","genre":28,"certification":"PG-13","genre_txt":"Action","year":2011,"lustrum":"10-14","decade":"10-19","log_budget":8.2122,"log_rev":8.2426,"id":"49849"},{"film":"Rocky","revenue":117235147,"budget":1000000,"language":"en","popularity":16398,"vote.average":7.7,"vote.count":4353,"release.date":"1976-11-21","genre":18,"certification":"PG","genre_txt":"Drama","year":1976,"lustrum":"75-79","decade":"70-79","log_budget":6,"log_rev":8.0691,"id":"1366"},{"film":"Raiders of the Lost Ark","revenue":389925971,"budget":18000000,"language":"en","popularity":16317,"vote.average":7.9,"vote.count":7513,"release.date":"1981-06-12","genre":28,"certification":"PG","genre_txt":"Action","year":1981,"lustrum":"80-84","decade":"80-89","log_budget":7.2553,"log_rev":8.591,"id":"85"},{"film":"ET the ExtraTerrestrial","revenue":792965326,"budget":10500000,"language":"en","popularity":16241,"vote.average":7.5,"vote.count":7302,"release.date":"1982-06-11","genre":878,"certification":"PG","genre_txt":"Science Fiction","year":1982,"lustrum":"80-84","decade":"80-89","log_budget":7.0212,"log_rev":8.8993,"id":"601"},{"film":"Apocalypse Now","revenue":150000000,"budget":31500000,"language":"en","popularity":16225,"vote.average":8.3,"vote.count":4602,"release.date":"1979-08-15","genre":18,"certification":"R","genre_txt":"Drama","year":1979,"lustrum":"75-79","decade":"70-79","log_budget":7.4983,"log_rev":8.1761,"id":"28"},{"film":"Ace Ventura When Nature Calls","revenue":212385533,"budget":30000000,"language":"en","popularity":16219,"vote.average":6.3,"vote.count":2453,"release.date":"1995-11-10","genre":12,"certification":"PG-13","genre_txt":"Adventure","year":1995,"lustrum":"95-99","decade":"90-99","log_budget":7.4771,"log_rev":8.3271,"id":"9273"},{"film":"Van Helsing","revenue":300257475,"budget":160000000,"language":"en","popularity":16205,"vote.average":6.2,"vote.count":3473,"release.date":"2004-05-05","genre":28,"certification":"PG-13","genre_txt":"Action","year":2004,"lustrum":"00-04","decade":"00-09","log_budget":8.2041,"log_rev":8.4775,"id":"7131"},{"film":"Jack Reacher","revenue":218340595,"budget":60000000,"language":"en","popularity":16197,"vote.average":6.5,"vote.count":4516,"release.date":"2012-12-20","genre":80,"certification":"PG-13","genre_txt":"Crime","year":2012,"lustrum":"10-14","decade":"10-19","log_budget":7.7782,"log_rev":8.3391,"id":"75780"},{"film":"Alvin and the Chipmunks Chipwrecked","revenue":342695435,"budget":75000000,"language":"en","popularity":16196,"vote.average":5.6,"vote.count":1260,"release.date":"2011-12-14","genre":16,"certification":"G","genre_txt":"Animation","year":2011,"lustrum":"10-14","decade":"10-19","log_budget":7.8751,"log_rev":8.5349,"id":"55301"},{"film":"Million Dollar Baby","revenue":216763646,"budget":30000000,"language":"en","popularity":16185,"vote.average":7.9,"vote.count":5576,"release.date":"2004-12-15","genre":18,"certification":"PG-13","genre_txt":"Drama","year":2004,"lustrum":"00-04","decade":"00-09","log_budget":7.4771,"log_rev":8.336,"id":"70"},{"film":"The Hitchhikers Guide to the Galaxy","revenue":104478416,"budget":50000000,"language":"en","popularity":16176,"vote.average":6.7,"vote.count":2602,"release.date":"2005-04-28","genre":12,"certification":"PG","genre_txt":"Adventure","year":2005,"lustrum":"05-09","decade":"00-09","log_budget":7.699,"log_rev":8.019,"id":"7453"},{"film":"Gremlins","revenue":153083102,"budget":11000000,"language":"en","popularity":16121,"vote.average":7.1,"vote.count":3831,"release.date":"1984-06-07","genre":14,"certification":"PG","genre_txt":"Fantasy","year":1984,"lustrum":"80-84","decade":"80-89","log_budget":7.0414,"log_rev":8.1849,"id":"927"},{"film":"Spirit Stallion of the Cimarron","revenue":122563539,"budget":80000000,"language":"en","popularity":16084,"vote.average":7.6,"vote.count":2436,"release.date":"2002-05-24","genre":12,"certification":"G","genre_txt":"Adventure","year":2002,"lustrum":"00-04","decade":"00-09","log_budget":7.9031,"log_rev":8.0884,"id":"9023"},{"film":"The Exorcism of Emily Rose","revenue":144216468,"budget":19000000,"language":"en","popularity":16079,"vote.average":6.4,"vote.count":1597,"release.date":"2005-09-09","genre":80,"certification":"PG-13","genre_txt":"Crime","year":2005,"lustrum":"05-09","decade":"00-09","log_budget":7.2788,"log_rev":8.159,"id":"8643"},{"film":"Sherlock Holmes A Game of Shadows","revenue":334615000,"budget":125000000,"language":"en","popularity":15989,"vote.average":7.1,"vote.count":7080,"release.date":"2011-11-22","genre":28,"certification":"PG-13","genre_txt":"Action","year":2011,"lustrum":"10-14","decade":"10-19","log_budget":8.0969,"log_rev":8.5245,"id":"58574"},{"film":"Diamonds Are Forever","revenue":116019547,"budget":7200000,"language":"en","popularity":15988,"vote.average":6.4,"vote.count":1065,"release.date":"1971-12-13","genre":28,"certification":"PG","genre_txt":"Action","year":1971,"lustrum":"70-74","decade":"70-79","log_budget":6.8573,"log_rev":8.0645,"id":"681"},{"film":"Dumb and Dumber","revenue":247275374,"budget":16000000,"language":"en","popularity":15966,"vote.average":6.5,"vote.count":3802,"release.date":"1994-12-16","genre":35,"certification":"PG-13","genre_txt":"Comedy","year":1994,"lustrum":"90-94","decade":"90-99","log_budget":7.2041,"log_rev":8.3932,"id":"8467"},{"film":"Austin Powers The Spy Who Shagged Me","revenue":312016858,"budget":33000000,"language":"en","popularity":15955,"vote.average":6.2,"vote.count":2030,"release.date":"1999-06-08","genre":12,"certification":"PG-13","genre_txt":"Adventure","year":1999,"lustrum":"95-99","decade":"90-99","log_budget":7.5185,"log_rev":8.4942,"id":"817"},{"film":"The Intouchables","revenue":426480871,"budget":13000000,"language":"fr","popularity":15897,"vote.average":8.2,"vote.count":11101,"release.date":"2011-11-02","genre":35,"certification":"R","genre_txt":"Comedy","year":2011,"lustrum":"10-14","decade":"10-19","log_budget":7.1139,"log_rev":8.6299,"id":"77338"},{"film":"Insidious","revenue":97009150,"budget":1500000,"language":"en","popularity":15865,"vote.average":6.9,"vote.count":4070,"release.date":"2010-09-13","genre":27,"certification":"PG-13","genre_txt":"Horror","year":2010,"lustrum":"10-14","decade":"10-19","log_budget":6.1761,"log_rev":7.9868,"id":"49018"},{"film":"Austin Powers International Man of Mystery","revenue":67683989,"budget":16500000,"language":"en","popularity":15857,"vote.average":6.5,"vote.count":1969,"release.date":"1997-05-02","genre":35,"certification":"PG-13","genre_txt":"Comedy","year":1997,"lustrum":"95-99","decade":"90-99","log_budget":7.2175,"log_rev":7.8305,"id":"816"},{"film":"Heat","revenue":187436818,"budget":60000000,"language":"en","popularity":15853,"vote.average":7.8,"vote.count":3713,"release.date":"1995-12-15","genre":28,"certification":"R","genre_txt":"Action","year":1995,"lustrum":"95-99","decade":"90-99","log_budget":7.7782,"log_rev":8.2729,"id":"949"},{"film":"KickAss 2","revenue":60700000,"budget":28000000,"language":"en","popularity":15766,"vote.average":6.4,"vote.count":4180,"release.date":"2013-07-17","genre":28,"certification":"R","genre_txt":"Action","year":2013,"lustrum":"10-14","decade":"10-19","log_budget":7.4472,"log_rev":7.7832,"id":"59859"},{"film":"Clueless","revenue":56631572,"budget":12000000,"language":"en","popularity":15723,"vote.average":7.2,"vote.count":2225,"release.date":"1995-07-19","genre":35,"certification":"PG-13","genre_txt":"Comedy","year":1995,"lustrum":"95-99","decade":"90-99","log_budget":7.0792,"log_rev":7.7531,"id":"9603"},{"film":"War of the Worlds","revenue":591739379,"budget":132000000,"language":"en","popularity":15676,"vote.average":6.4,"vote.count":5031,"release.date":"2005-06-28","genre":12,"certification":"PG-13","genre_txt":"Adventure","year":2005,"lustrum":"05-09","decade":"00-09","log_budget":8.1206,"log_rev":8.7721,"id":"74"},{"film":"Les MisÃƒÂ©rables","revenue":441809770,"budget":61000000,"language":"en","popularity":15598,"vote.average":7.4,"vote.count":3663,"release.date":"2012-12-18","genre":18,"certification":"PG-13","genre_txt":"Drama","year":2012,"lustrum":"10-14","decade":"10-19","log_budget":7.7853,"log_rev":8.6452,"id":"82695"},{"film":"American Reunion","revenue":234989584,"budget":50000000,"language":"en","popularity":15569,"vote.average":6.2,"vote.count":2976,"release.date":"2012-04-04","genre":35,"certification":"R","genre_txt":"Comedy","year":2012,"lustrum":"10-14","decade":"10-19","log_budget":7.699,"log_rev":8.371,"id":"71552"},{"film":"Catch Me If You Can","revenue":352114312,"budget":52000000,"language":"en","popularity":15556,"vote.average":7.9,"vote.count":8557,"release.date":"2002-12-25","genre":80,"certification":"PG-13","genre_txt":"Crime","year":2002,"lustrum":"00-04","decade":"00-09","log_budget":7.716,"log_rev":8.5467,"id":"640"},{"film":"Spaceballs","revenue":38119483,"budget":22700000,"language":"en","popularity":15504,"vote.average":6.8,"vote.count":1724,"release.date":"1987-06-24","genre":35,"certification":"PG","genre_txt":"Comedy","year":1987,"lustrum":"85-89","decade":"80-89","log_budget":7.356,"log_rev":7.5811,"id":"957"},{"film":"Beverly Hills Cop","revenue":316360478,"budget":15000000,"language":"en","popularity":15276,"vote.average":7.1,"vote.count":2173,"release.date":"1984-01-25","genre":28,"certification":"R","genre_txt":"Action","year":1984,"lustrum":"80-84","decade":"80-89","log_budget":7.1761,"log_rev":8.5002,"id":"90"},{"film":"Chicken Run","revenue":224834564,"budget":45000000,"language":"en","popularity":15252,"vote.average":6.6,"vote.count":2943,"release.date":"2000-06-21","genre":16,"certification":"G","genre_txt":"Animation","year":2000,"lustrum":"00-04","decade":"00-09","log_budget":7.6532,"log_rev":8.3519,"id":"7443"},{"film":"Moonraker","revenue":210308099,"budget":34000000,"language":"en","popularity":15245,"vote.average":6.1,"vote.count":1019,"release.date":"1979-06-26","genre":28,"certification":"PG","genre_txt":"Action","year":1979,"lustrum":"75-79","decade":"70-79","log_budget":7.5315,"log_rev":8.3229,"id":"698"},{"film":"The Croods","revenue":587204668,"budget":135000000,"language":"en","popularity":15238,"vote.average":6.8,"vote.count":4315,"release.date":"2013-03-20","genre":28,"certification":"PG","genre_txt":"Action","year":2013,"lustrum":"10-14","decade":"10-19","log_budget":8.1303,"log_rev":8.7688,"id":"49519"},{"film":"21 Jump Street","revenue":201585328,"budget":42000000,"language":"en","popularity":15195,"vote.average":6.8,"vote.count":7182,"release.date":"2012-03-14","genre":28,"certification":"R","genre_txt":"Action","year":2012,"lustrum":"10-14","decade":"10-19","log_budget":7.6232,"log_rev":8.3045,"id":"64688"},{"film":"Shaun of the Dead","revenue":30332385,"budget":4000000,"language":"en","popularity":15109,"vote.average":7.5,"vote.count":5241,"release.date":"2004-04-09","genre":35,"certification":"R","genre_txt":"Comedy","year":2004,"lustrum":"00-04","decade":"00-09","log_budget":6.6021,"log_rev":7.4819,"id":"747"},{"film":"Snow White and the Huntsman","revenue":396600000,"budget":170000000,"language":"en","popularity":15013,"vote.average":5.9,"vote.count":5772,"release.date":"2012-05-30","genre":12,"certification":"PG-13","genre_txt":"Adventure","year":2012,"lustrum":"10-14","decade":"10-19","log_budget":8.2304,"log_rev":8.5984,"id":"58595"},{"film":"The Secret World of Arrietty","revenue":145570827,"budget":23000000,"language":"ja","popularity":14911,"vote.average":7.6,"vote.count":1430,"release.date":"2010-07-16","genre":14,"certification":"G","genre_txt":"Fantasy","year":2010,"lustrum":"10-14","decade":"10-19","log_budget":7.3617,"log_rev":8.1631,"id":"51739"},{"film":"Welcome to the Punch","revenue":9747,"budget":8500000,"language":"en","popularity":14907,"vote.average":5.8,"vote.count":402,"release.date":"2013-03-15","genre":28,"certification":"R","genre_txt":"Action","year":2013,"lustrum":"10-14","decade":"10-19","log_budget":6.9294,"log_rev":3.9889,"id":"93828"},{"film":"ScoobyDoo","revenue":275650703,"budget":84000000,"language":"en","popularity":14876,"vote.average":5.7,"vote.count":2321,"release.date":"2002-06-14","genre":12,"certification":"PG","genre_txt":"Adventure","year":2002,"lustrum":"00-04","decade":"00-09","log_budget":7.9243,"log_rev":8.4404,"id":"9637"},{"film":"A Few Good Men","revenue":243240178,"budget":40000000,"language":"en","popularity":14825,"vote.average":7.4,"vote.count":1827,"release.date":"1992-12-11","genre":18,"certification":"R","genre_txt":"Drama","year":1992,"lustrum":"90-94","decade":"90-99","log_budget":7.6021,"log_rev":8.386,"id":"881"},{"film":"Full Metal Jacket","revenue":46357676,"budget":17000000,"language":"en","popularity":14754,"vote.average":8.1,"vote.count":6043,"release.date":"1987-06-26","genre":18,"certification":"R","genre_txt":"Drama","year":1987,"lustrum":"85-89","decade":"80-89","log_budget":7.2304,"log_rev":7.6661,"id":"600"},{"film":"Madagascar 3 Europes Most Wanted","revenue":746921274,"budget":145000000,"language":"en","popularity":14682,"vote.average":6.5,"vote.count":3825,"release.date":"2012-06-06","genre":16,"certification":"PG","genre_txt":"Animation","year":2012,"lustrum":"10-14","decade":"10-19","log_budget":8.1614,"log_rev":8.8733,"id":"80321"},{"film":"Hancock","revenue":624029371,"budget":150000000,"language":"en","popularity":14666,"vote.average":6.3,"vote.count":6132,"release.date":"2008-07-01","genre":28,"certification":"PG-13","genre_txt":"Action","year":2008,"lustrum":"05-09","decade":"00-09","log_budget":8.1761,"log_rev":8.7952,"id":"8960"},{"film":"Star Trek Into Darkness","revenue":467365246,"budget":190000000,"language":"en","popularity":14602,"vote.average":7.3,"vote.count":6677,"release.date":"2013-05-05","genre":28,"certification":"PG-13","genre_txt":"Action","year":2013,"lustrum":"10-14","decade":"10-19","log_budget":8.2788,"log_rev":8.6697,"id":"54138"},{"film":"Mrs Doubtfire","revenue":441286195,"budget":25000000,"language":"en","popularity":14582,"vote.average":7.2,"vote.count":3748,"release.date":"1993-11-24","genre":35,"certification":"PG-13","genre_txt":"Comedy","year":1993,"lustrum":"90-94","decade":"90-99","log_budget":7.3979,"log_rev":8.6447,"id":"788"},{"film":"Transporter 2","revenue":85167639,"budget":32000000,"language":"en","popularity":14556,"vote.average":6.3,"vote.count":2063,"release.date":"2005-08-02","genre":28,"certification":"PG-13","genre_txt":"Action","year":2005,"lustrum":"05-09","decade":"00-09","log_budget":7.5051,"log_rev":7.9303,"id":"9335"},{"film":"The Fly","revenue":60629159,"budget":15000000,"language":"en","popularity":14528,"vote.average":7.3,"vote.count":2262,"release.date":"1986-08-15","genre":27,"certification":"R","genre_txt":"Horror","year":1986,"lustrum":"85-89","decade":"80-89","log_budget":7.1761,"log_rev":7.7827,"id":"9426"},{"film":"Wrong Turn","revenue":28650575,"budget":12600000,"language":"en","popularity":14523,"vote.average":6.1,"vote.count":1333,"release.date":"2003-05-30","genre":27,"certification":"R","genre_txt":"Horror","year":2003,"lustrum":"00-04","decade":"00-09","log_budget":7.1004,"log_rev":7.4571,"id":"9902"},{"film":"Hollow Man","revenue":190213455,"budget":95000000,"language":"en","popularity":14514,"vote.average":5.7,"vote.count":1378,"release.date":"2000-08-04","genre":28,"certification":"R","genre_txt":"Action","year":2000,"lustrum":"00-04","decade":"00-09","log_budget":7.9777,"log_rev":8.2792,"id":"9383"},{"film":"Deep Impact","revenue":349464664,"budget":75000000,"language":"en","popularity":14506,"vote.average":6.1,"vote.count":1657,"release.date":"1998-05-08","genre":28,"certification":"PG-13","genre_txt":"Action","year":1998,"lustrum":"95-99","decade":"90-99","log_budget":7.8751,"log_rev":8.5434,"id":"8656"},{"film":"FaceOff","revenue":245676146,"budget":80000000,"language":"en","popularity":14449,"vote.average":6.9,"vote.count":3013,"release.date":"1997-06-27","genre":28,"certification":"R","genre_txt":"Action","year":1997,"lustrum":"95-99","decade":"90-99","log_budget":7.9031,"log_rev":8.3904,"id":"754"},{"film":"The Running Man","revenue":38122105,"budget":27000000,"language":"en","popularity":14427,"vote.average":6.5,"vote.count":1272,"release.date":"1987-11-13","genre":28,"certification":"R","genre_txt":"Action","year":1987,"lustrum":"85-89","decade":"80-89","log_budget":7.4314,"log_rev":7.5812,"id":"865"},{"film":"Live and Let Die","revenue":161777836,"budget":7000000,"language":"en","popularity":14426,"vote.average":6.5,"vote.count":1020,"release.date":"1973-07-05","genre":12,"certification":"PG","genre_txt":"Adventure","year":1973,"lustrum":"70-74","decade":"70-79","log_budget":6.8451,"log_rev":8.2089,"id":"253"},{"film":"There Will Be Blood","revenue":77208711,"budget":25000000,"language":"en","popularity":14426,"vote.average":8.1,"vote.count":3440,"release.date":"2007-12-28","genre":18,"certification":"R","genre_txt":"Drama","year":2007,"lustrum":"05-09","decade":"00-09","log_budget":7.3979,"log_rev":7.8877,"id":"7345"},{"film":"21","revenue":69823199,"budget":35000000,"language":"en","popularity":14339,"vote.average":6.6,"vote.count":2763,"release.date":"2008-03-27","genre":18,"certification":"PG-13","genre_txt":"Drama","year":2008,"lustrum":"05-09","decade":"00-09","log_budget":7.5441,"log_rev":7.844,"id":"8065"},{"film":"Gandhi","revenue":77737889,"budget":22000000,"language":"en","popularity":14307,"vote.average":7.5,"vote.count":1326,"release.date":"1982-11-30","genre":18,"certification":"PG","genre_txt":"Drama","year":1982,"lustrum":"80-84","decade":"80-89","log_budget":7.3424,"log_rev":7.8906,"id":"783"},{"film":"Platoon","revenue":138530565,"budget":6000000,"language":"en","popularity":14267,"vote.average":7.7,"vote.count":2434,"release.date":"1986-12-19","genre":18,"certification":"R","genre_txt":"Drama","year":1986,"lustrum":"85-89","decade":"80-89","log_budget":6.7782,"log_rev":8.1415,"id":"792"},{"film":"Ferris Buellers Day Off","revenue":70136369,"budget":6000000,"language":"en","popularity":14228,"vote.average":7.6,"vote.count":2781,"release.date":"1986-06-11","genre":35,"certification":"PG-13","genre_txt":"Comedy","year":1986,"lustrum":"85-89","decade":"80-89","log_budget":6.7782,"log_rev":7.8459,"id":"9377"},{"film":"The Goonies","revenue":61503218,"budget":19000000,"language":"en","popularity":14224,"vote.average":7.5,"vote.count":3311,"release.date":"1985-06-07","genre":12,"certification":"PG","genre_txt":"Adventure","year":1985,"lustrum":"85-89","decade":"80-89","log_budget":7.2788,"log_rev":7.7889,"id":"9340"},{"film":"Mad Max","revenue":100000000,"budget":400000,"language":"en","popularity":14146,"vote.average":6.7,"vote.count":2422,"release.date":"1979-04-12","genre":28,"certification":"R","genre_txt":"Action","year":1979,"lustrum":"75-79","decade":"70-79","log_budget":5.6021,"log_rev":8,"id":"9659"},{"film":"The Spy Who Loved Me","revenue":185438673,"budget":14000000,"language":"en","popularity":14126,"vote.average":6.7,"vote.count":960,"release.date":"1977-07-07","genre":12,"certification":"PG","genre_txt":"Adventure","year":1977,"lustrum":"75-79","decade":"70-79","log_budget":7.1461,"log_rev":8.2682,"id":"691"},{"film":"The Scorpion King","revenue":165333180,"budget":60000000,"language":"en","popularity":14126,"vote.average":5.4,"vote.count":1892,"release.date":"2002-04-18","genre":28,"certification":"PG-13","genre_txt":"Action","year":2002,"lustrum":"00-04","decade":"00-09","log_budget":7.7782,"log_rev":8.2184,"id":"9334"},{"film":"Octopussy","revenue":187500000,"budget":27500000,"language":"en","popularity":14122,"vote.average":6.3,"vote.count":1007,"release.date":"1983-06-05","genre":28,"certification":"PG","genre_txt":"Action","year":1983,"lustrum":"80-84","decade":"80-89","log_budget":7.4393,"log_rev":8.273,"id":"700"},{"film":"The Loft","revenue":10076790,"budget":14000000,"language":"en","popularity":14104,"vote.average":6.4,"vote.count":858,"release.date":"2014-10-14","genre":53,"certification":"R","genre_txt":"Thriller","year":2014,"lustrum":"10-14","decade":"10-19","log_budget":7.1461,"log_rev":7.0033,"id":"72784"},{"film":"Anger Management","revenue":195745823,"budget":75000000,"language":"en","popularity":14098,"vote.average":6.1,"vote.count":1888,"release.date":"2003-04-11","genre":35,"certification":"PG-13","genre_txt":"Comedy","year":2003,"lustrum":"00-04","decade":"00-09","log_budget":7.8751,"log_rev":8.2917,"id":"9506"},{"film":"Meet the Fockers","revenue":516642939,"budget":80000000,"language":"en","popularity":14094,"vote.average":6.2,"vote.count":3011,"release.date":"2004-12-22","genre":35,"certification":"PG-13","genre_txt":"Comedy","year":2004,"lustrum":"00-04","decade":"00-09","log_budget":7.9031,"log_rev":8.7132,"id":"693"},{"film":"Hansel  Gretel Witch Hunters","revenue":224803475,"budget":50000000,"language":"en","popularity":14057,"vote.average":5.9,"vote.count":4881,"release.date":"2013-01-17","genre":28,"certification":"R","genre_txt":"Action","year":2013,"lustrum":"10-14","decade":"10-19","log_budget":7.699,"log_rev":8.3518,"id":"60304"},{"film":"Cast Away","revenue":429632142,"budget":90000000,"language":"en","popularity":14028,"vote.average":7.6,"vote.count":6902,"release.date":"2000-12-22","genre":12,"certification":"PG-13","genre_txt":"Adventure","year":2000,"lustrum":"00-04","decade":"00-09","log_budget":7.9542,"log_rev":8.6331,"id":"8358"},{"film":"Mad Max Beyond Thunderdome","revenue":36230219,"budget":10000000,"language":"en","popularity":13994,"vote.average":6.1,"vote.count":1512,"release.date":"1985-06-29","genre":28,"certification":"PG-13","genre_txt":"Action","year":1985,"lustrum":"85-89","decade":"80-89","log_budget":7,"log_rev":7.5591,"id":"9355"},{"film":"Willy Wonka  the Chocolate Factory","revenue":4000000,"budget":3000000,"language":"en","popularity":13982,"vote.average":7.5,"vote.count":1887,"release.date":"1971-06-29","genre":35,"certification":"G","genre_txt":"Comedy","year":1971,"lustrum":"70-74","decade":"70-79","log_budget":6.4771,"log_rev":6.6021,"id":"252"},{"film":"The Nightmare Before Christmas","revenue":75634409,"budget":18000000,"language":"en","popularity":13965,"vote.average":7.8,"vote.count":5438,"release.date":"1993-10-09","genre":16,"certification":"PG","genre_txt":"Animation","year":1993,"lustrum":"90-94","decade":"90-99","log_budget":7.2553,"log_rev":7.8787,"id":"9479"},{"film":"The Omen","revenue":60922980,"budget":2800000,"language":"en","popularity":13945,"vote.average":7.3,"vote.count":988,"release.date":"1976-06-06","genre":27,"certification":"R","genre_txt":"Horror","year":1976,"lustrum":"75-79","decade":"70-79","log_budget":6.4472,"log_rev":7.7848,"id":"794"},{"film":"Poltergeist","revenue":122200000,"budget":10700000,"language":"en","popularity":13899,"vote.average":7.1,"vote.count":1556,"release.date":"1982-06-04","genre":27,"certification":"PG","genre_txt":"Horror","year":1982,"lustrum":"80-84","decade":"80-89","log_budget":7.0294,"log_rev":8.0871,"id":"609"},{"film":"Top Gun","revenue":356830601,"budget":15000000,"language":"en","popularity":13892,"vote.average":6.9,"vote.count":3618,"release.date":"1986-05-16","genre":28,"certification":"PG","genre_txt":"Action","year":1986,"lustrum":"85-89","decade":"80-89","log_budget":7.1761,"log_rev":8.5525,"id":"744"},{"film":"Mortal Kombat","revenue":122195920,"budget":18000000,"language":"en","popularity":13884,"vote.average":5.6,"vote.count":1073,"release.date":"1995-08-18","genre":28,"certification":"PG-13","genre_txt":"Action","year":1995,"lustrum":"95-99","decade":"90-99","log_budget":7.2553,"log_rev":8.0871,"id":"9312"},{"film":"Wanted","revenue":258270008,"budget":75000000,"language":"en","popularity":13873,"vote.average":6.4,"vote.count":4665,"release.date":"2008-06-19","genre":28,"certification":"R","genre_txt":"Action","year":2008,"lustrum":"05-09","decade":"00-09","log_budget":7.8751,"log_rev":8.4121,"id":"8909"},{"film":"Red Riding Hood","revenue":89162162,"budget":42000000,"language":"en","popularity":13873,"vote.average":5.9,"vote.count":2116,"release.date":"2011-03-11","genre":14,"certification":"PG-13","genre_txt":"Fantasy","year":2011,"lustrum":"10-14","decade":"10-19","log_budget":7.6232,"log_rev":7.9502,"id":"49730"},{"film":"Donnie Brasco","revenue":41954997,"budget":35000000,"language":"en","popularity":13821,"vote.average":7.5,"vote.count":2456,"release.date":"1997-02-27","genre":80,"certification":"R","genre_txt":"Crime","year":1997,"lustrum":"95-99","decade":"90-99","log_budget":7.5441,"log_rev":7.6228,"id":"9366"},{"film":"The Evil Dead","revenue":29400000,"budget":350000,"language":"en","popularity":13746,"vote.average":7.3,"vote.count":1984,"release.date":"1981-10-15","genre":27,"certification":"R","genre_txt":"Horror","year":1981,"lustrum":"80-84","decade":"80-89","log_budget":5.5441,"log_rev":7.4683,"id":"764"},{"film":"Riddick","revenue":98337295,"budget":38000000,"language":"en","popularity":13741,"vote.average":6.2,"vote.count":2714,"release.date":"2013-09-02","genre":28,"certification":"R","genre_txt":"Action","year":2013,"lustrum":"10-14","decade":"10-19","log_budget":7.5798,"log_rev":7.9927,"id":"87421"},{"film":"Indiana Jones and the Temple of Doom","revenue":333000000,"budget":28000000,"language":"en","popularity":13731,"vote.average":7.2,"vote.count":5527,"release.date":"1984-05-23","genre":12,"certification":"PG","genre_txt":"Adventure","year":1984,"lustrum":"80-84","decade":"80-89","log_budget":7.4472,"log_rev":8.5224,"id":"87"},{"film":"Bridget Joness Diary","revenue":281929795,"budget":25000000,"language":"en","popularity":13702,"vote.average":6.7,"vote.count":3152,"release.date":"2001-04-13","genre":35,"certification":"R","genre_txt":"Comedy","year":2001,"lustrum":"00-04","decade":"00-09","log_budget":7.3979,"log_rev":8.4501,"id":"634"},{"film":"Superbad","revenue":121463226,"budget":20000000,"language":"en","popularity":13702,"vote.average":7,"vote.count":4053,"release.date":"2007-08-17","genre":35,"certification":"R","genre_txt":"Comedy","year":2007,"lustrum":"05-09","decade":"00-09","log_budget":7.301,"log_rev":8.0844,"id":"8363"},{"film":"The Sting","revenue":159616327,"budget":5500000,"language":"en","popularity":13632,"vote.average":8.1,"vote.count":1285,"release.date":"1973-12-25","genre":35,"certification":"PG","genre_txt":"Comedy","year":1973,"lustrum":"70-74","decade":"70-79","log_budget":6.7404,"log_rev":8.2031,"id":"9277"},{"film":"Home Alone 3","revenue":79082515,"budget":32000000,"language":"en","popularity":13632,"vote.average":5.2,"vote.count":1726,"release.date":"1997-12-12","genre":35,"certification":"PG","genre_txt":"Comedy","year":1997,"lustrum":"95-99","decade":"90-99","log_budget":7.5051,"log_rev":7.8981,"id":"9714"},{"film":"The Bourne Legacy","revenue":276572938,"budget":130000000,"language":"en","popularity":13591,"vote.average":6.1,"vote.count":3941,"release.date":"2012-08-08","genre":28,"certification":"PG-13","genre_txt":"Action","year":2012,"lustrum":"10-14","decade":"10-19","log_budget":8.1139,"log_rev":8.4418,"id":"49040"},{"film":"Event Horizon","revenue":26673242,"budget":60000000,"language":"en","popularity":13543,"vote.average":6.5,"vote.count":1403,"release.date":"1997-08-15","genre":27,"certification":"R","genre_txt":"Horror","year":1997,"lustrum":"95-99","decade":"90-99","log_budget":7.7782,"log_rev":7.4261,"id":"8413"},{"film":"Mad Max 2","revenue":24600832,"budget":2000000,"language":"en","popularity":13509,"vote.average":7.4,"vote.count":1939,"release.date":"1981-12-24","genre":28,"certification":"R","genre_txt":"Action","year":1981,"lustrum":"80-84","decade":"80-89","log_budget":6.301,"log_rev":7.3909,"id":"8810"},{"film":"Chronicle","revenue":145000000,"budget":15000000,"language":"en","popularity":13486,"vote.average":6.7,"vote.count":3375,"release.date":"2012-02-01","genre":18,"certification":"PG-13","genre_txt":"Drama","year":2012,"lustrum":"10-14","decade":"10-19","log_budget":7.1761,"log_rev":8.1614,"id":"76726"},{"film":"Coming to America","revenue":288752301,"budget":39000000,"language":"en","popularity":13455,"vote.average":6.7,"vote.count":2142,"release.date":"1988-06-29","genre":35,"certification":"R","genre_txt":"Comedy","year":1988,"lustrum":"85-89","decade":"80-89","log_budget":7.5911,"log_rev":8.4605,"id":"9602"},{"film":"A View to a Kill","revenue":152427960,"budget":30000000,"language":"en","popularity":13452,"vote.average":6.2,"vote.count":977,"release.date":"1985-05-24","genre":28,"certification":"PG","genre_txt":"Action","year":1985,"lustrum":"85-89","decade":"80-89","log_budget":7.4771,"log_rev":8.1831,"id":"707"},{"film":"Shanghai Noon","revenue":56932305,"budget":55000000,"language":"en","popularity":13422,"vote.average":6.3,"vote.count":1514,"release.date":"2000-05-26","genre":28,"certification":"PG-13","genre_txt":"Action","year":2000,"lustrum":"00-04","decade":"00-09","log_budget":7.7404,"log_rev":7.7554,"id":"8584"},{"film":"Cliffhanger","revenue":255000211,"budget":70000000,"language":"en","popularity":13407,"vote.average":6.3,"vote.count":1221,"release.date":"1993-05-28","genre":28,"certification":"R","genre_txt":"Action","year":1993,"lustrum":"90-94","decade":"90-99","log_budget":7.8451,"log_rev":8.4065,"id":"9350"},{"film":"Annie Hall","revenue":38251425,"budget":4000000,"language":"en","popularity":13401,"vote.average":7.8,"vote.count":2327,"release.date":"1977-04-19","genre":35,"certification":"PG","genre_txt":"Comedy","year":1977,"lustrum":"75-79","decade":"70-79","log_budget":6.6021,"log_rev":7.5826,"id":"703"},{"film":"The Perks of Being a Wallflower","revenue":33400000,"budget":13000000,"language":"en","popularity":13371,"vote.average":7.7,"vote.count":6683,"release.date":"2012-09-20","genre":18,"certification":"PG-13","genre_txt":"Drama","year":2012,"lustrum":"10-14","decade":"10-19","log_budget":7.1139,"log_rev":7.5237,"id":"84892"},{"film":"Chicken Little","revenue":314432665,"budget":150000000,"language":"en","popularity":13322,"vote.average":5.8,"vote.count":2350,"release.date":"2005-11-04","genre":16,"certification":"G","genre_txt":"Animation","year":2005,"lustrum":"05-09","decade":"00-09","log_budget":8.1761,"log_rev":8.4975,"id":"9982"},{"film":"Total Recall","revenue":261317921,"budget":65000000,"language":"en","popularity":13317,"vote.average":7.2,"vote.count":3262,"release.date":"1990-06-01","genre":28,"certification":"R","genre_txt":"Action","year":1990,"lustrum":"90-94","decade":"90-99","log_budget":7.8129,"log_rev":8.4172,"id":"861"},{"film":"Police Academy","revenue":146198896,"budget":4500000,"language":"en","popularity":13309,"vote.average":6.6,"vote.count":1379,"release.date":"1984-03-22","genre":35,"certification":"R","genre_txt":"Comedy","year":1984,"lustrum":"80-84","decade":"80-89","log_budget":6.6532,"log_rev":8.1649,"id":"9336"},{"film":"8MM","revenue":96618699,"budget":40000000,"language":"en","popularity":13289,"vote.average":6.3,"vote.count":983,"release.date":"1999-02-26","genre":53,"certification":"R","genre_txt":"Thriller","year":1999,"lustrum":"95-99","decade":"90-99","log_budget":7.6021,"log_rev":7.9851,"id":"8224"},{"film":"Young Frankenstein","revenue":86273333,"budget":2800000,"language":"en","popularity":13288,"vote.average":7.9,"vote.count":1876,"release.date":"1974-12-15","genre":35,"certification":"PG","genre_txt":"Comedy","year":1974,"lustrum":"70-74","decade":"70-79","log_budget":6.4472,"log_rev":7.9359,"id":"3034"},{"film":"Turbo","revenue":282570682,"budget":135000000,"language":"en","popularity":13262,"vote.average":6.1,"vote.count":1983,"release.date":"2013-07-11","genre":16,"certification":"PG","genre_txt":"Animation","year":2013,"lustrum":"10-14","decade":"10-19","log_budget":8.1303,"log_rev":8.4511,"id":"77950"},{"film":"Moneyball","revenue":110206216,"budget":50000000,"language":"en","popularity":13228,"vote.average":7.2,"vote.count":2600,"release.date":"2011-09-22","genre":18,"certification":"PG-13","genre_txt":"Drama","year":2011,"lustrum":"10-14","decade":"10-19","log_budget":7.699,"log_rev":8.0422,"id":"60308"},{"film":"Hot Shots","revenue":181096164,"budget":26000000,"language":"en","popularity":13166,"vote.average":6.5,"vote.count":1123,"release.date":"1991-07-31","genre":28,"certification":"PG-13","genre_txt":"Action","year":1991,"lustrum":"90-94","decade":"90-99","log_budget":7.415,"log_rev":8.2579,"id":"9595"},{"film":"For Your Eyes Only","revenue":195312802,"budget":28000000,"language":"en","popularity":13059,"vote.average":6.5,"vote.count":924,"release.date":"1981-06-23","genre":12,"certification":"PG","genre_txt":"Adventure","year":1981,"lustrum":"80-84","decade":"80-89","log_budget":7.4472,"log_rev":8.2907,"id":"699"},{"film":"JFK","revenue":205405498,"budget":40000000,"language":"en","popularity":13036,"vote.average":7.7,"vote.count":1056,"release.date":"1991-12-20","genre":18,"certification":"R","genre_txt":"Drama","year":1991,"lustrum":"90-94","decade":"90-99","log_budget":7.6021,"log_rev":8.3126,"id":"820"},{"film":"Desperado","revenue":25405445,"budget":7000000,"language":"en","popularity":13016,"vote.average":6.8,"vote.count":1624,"release.date":"1995-08-25","genre":28,"certification":"R","genre_txt":"Action","year":1995,"lustrum":"95-99","decade":"90-99","log_budget":6.8451,"log_rev":7.4049,"id":"8068"},{"film":"A Knights Tale","revenue":117487473,"budget":65000000,"language":"en","popularity":13012,"vote.average":6.8,"vote.count":1856,"release.date":"2001-05-11","genre":28,"certification":"PG-13","genre_txt":"Action","year":2001,"lustrum":"00-04","decade":"00-09","log_budget":7.8129,"log_rev":8.07,"id":"9476"},{"film":"Tango  Cash","revenue":63408614,"budget":55000000,"language":"en","popularity":12935,"vote.average":6.3,"vote.count":998,"release.date":"1989-12-22","genre":28,"certification":"R","genre_txt":"Action","year":1989,"lustrum":"85-89","decade":"80-89","log_budget":7.7404,"log_rev":7.8021,"id":"9618"},{"film":"Wild Wild West","revenue":222104681,"budget":170000000,"language":"en","popularity":12899,"vote.average":5.3,"vote.count":2064,"release.date":"1999-06-29","genre":28,"certification":"PG-13","genre_txt":"Action","year":1999,"lustrum":"95-99","decade":"90-99","log_budget":8.2304,"log_rev":8.3466,"id":"8487"},{"film":"Licence to Kill","revenue":156167015,"budget":32000000,"language":"en","popularity":12898,"vote.average":6.2,"vote.count":1019,"release.date":"1989-07-07","genre":28,"certification":"PG-13","genre_txt":"Action","year":1989,"lustrum":"85-89","decade":"80-89","log_budget":7.5051,"log_rev":8.1936,"id":"709"},{"film":"Friends with Benefits","revenue":150483765,"budget":35000000,"language":"en","popularity":12862,"vote.average":6.6,"vote.count":5281,"release.date":"2011-07-21","genre":10749,"certification":"R","genre_txt":"Romance","year":2011,"lustrum":"10-14","decade":"10-19","log_budget":7.5441,"log_rev":8.1775,"id":"50544"},{"film":"Casper","revenue":287928194,"budget":50000000,"language":"en","popularity":12852,"vote.average":6.2,"vote.count":2875,"release.date":"1995-05-26","genre":14,"certification":"PG","genre_txt":"Fantasy","year":1995,"lustrum":"95-99","decade":"90-99","log_budget":7.699,"log_rev":8.4593,"id":"8839"},{"film":"Caligula","revenue":23438120,"budget":17500000,"language":"en","popularity":12828,"vote.average":5.4,"vote.count":313,"release.date":"1979-01-21","genre":18,"certification":"R","genre_txt":"Drama","year":1979,"lustrum":"75-79","decade":"70-79","log_budget":7.243,"log_rev":7.3699,"id":"9453"},{"film":"Waynes World","revenue":183097323,"budget":20000000,"language":"en","popularity":12792,"vote.average":6.6,"vote.count":1327,"release.date":"1992-02-14","genre":35,"certification":"PG-13","genre_txt":"Comedy","year":1992,"lustrum":"90-94","decade":"90-99","log_budget":7.301,"log_rev":8.2627,"id":"8872"},{"film":"Robin Hood Men in Tights","revenue":35739755,"budget":20000000,"language":"en","popularity":12776,"vote.average":6.6,"vote.count":1170,"release.date":"1993-07-28","genre":35,"certification":"PG-13","genre_txt":"Comedy","year":1993,"lustrum":"90-94","decade":"90-99","log_budget":7.301,"log_rev":7.5532,"id":"8005"},{"film":"The Girl with the Dragon Tattoo","revenue":232617430,"budget":90000000,"language":"en","popularity":12764,"vote.average":7.3,"vote.count":4404,"release.date":"2011-12-14","genre":80,"certification":"R","genre_txt":"Crime","year":2011,"lustrum":"10-14","decade":"10-19","log_budget":7.9542,"log_rev":8.3666,"id":"65754"},{"film":"The Rocky Horror Picture Show","revenue":112892319,"budget":1200000,"language":"en","popularity":12758,"vote.average":7.6,"vote.count":1590,"release.date":"1975-08-14","genre":35,"certification":"R","genre_txt":"Comedy","year":1975,"lustrum":"75-79","decade":"70-79","log_budget":6.0792,"log_rev":8.0527,"id":"36685"},{"film":"Silver Linings Playbook","revenue":236412453,"budget":21000000,"language":"en","popularity":12739,"vote.average":7.1,"vote.count":8419,"release.date":"2012-09-08","genre":35,"certification":"R","genre_txt":"Comedy","year":2012,"lustrum":"10-14","decade":"10-19","log_budget":7.3222,"log_rev":8.3737,"id":"82693"},{"film":"Armageddon","revenue":553799566,"budget":140000000,"language":"en","popularity":12721,"vote.average":6.7,"vote.count":4839,"release.date":"1998-07-01","genre":28,"certification":"PG-13","genre_txt":"Action","year":1998,"lustrum":"95-99","decade":"90-99","log_budget":8.1461,"log_rev":8.7434,"id":"95"},{"film":"When Harry Met Sally","revenue":92823546,"budget":16000000,"language":"en","popularity":12715,"vote.average":7.4,"vote.count":2275,"release.date":"1989-07-21","genre":35,"certification":"R","genre_txt":"Comedy","year":1989,"lustrum":"85-89","decade":"80-89","log_budget":7.2041,"log_rev":7.9677,"id":"639"},{"film":"American Pie Presents The Naked Mile","revenue":27500000,"budget":15000000,"language":"en","popularity":12682,"vote.average":5.4,"vote.count":1201,"release.date":"2006-12-07","genre":35,"certification":"R","genre_txt":"Comedy","year":2006,"lustrum":"05-09","decade":"00-09","log_budget":7.1761,"log_rev":7.4393,"id":"8275"},{"film":"Chinatown","revenue":30000000,"budget":6000000,"language":"en","popularity":12681,"vote.average":7.9,"vote.count":2063,"release.date":"1974-06-20","genre":80,"certification":"R","genre_txt":"Crime","year":1974,"lustrum":"70-74","decade":"70-79","log_budget":6.7782,"log_rev":7.4771,"id":"829"},{"film":"Legally Blonde","revenue":141774679,"budget":18000000,"language":"en","popularity":12647,"vote.average":6.4,"vote.count":2073,"release.date":"2001-07-13","genre":35,"certification":"PG-13","genre_txt":"Comedy","year":2001,"lustrum":"00-04","decade":"00-09","log_budget":7.2553,"log_rev":8.1516,"id":"8835"},{"film":"The Three Musketeers","revenue":132274484,"budget":75000000,"language":"en","popularity":12576,"vote.average":5.8,"vote.count":1777,"release.date":"2011-08-31","genre":28,"certification":"PG-13","genre_txt":"Action","year":2011,"lustrum":"10-14","decade":"10-19","log_budget":7.8751,"log_rev":8.1215,"id":"52451"},{"film":"Barry Lyndon","revenue":20000000,"budget":11000000,"language":"en","popularity":12561,"vote.average":8,"vote.count":1361,"release.date":"1975-11-26","genre":18,"certification":"PG","genre_txt":"Drama","year":1975,"lustrum":"75-79","decade":"70-79","log_budget":7.0414,"log_rev":7.301,"id":"3175"},{"film":"Dune","revenue":30925690,"budget":40000000,"language":"en","popularity":12486,"vote.average":6.4,"vote.count":1177,"release.date":"1984-12-14","genre":28,"certification":"PG-13","genre_txt":"Action","year":1984,"lustrum":"80-84","decade":"80-89","log_budget":7.6021,"log_rev":7.4903,"id":"841"},{"film":"South Park Bigger Longer  Uncut","revenue":78608288,"budget":21000000,"language":"en","popularity":12449,"vote.average":7.1,"vote.count":1608,"release.date":"1999-06-30","genre":16,"certification":"R","genre_txt":"Animation","year":1999,"lustrum":"95-99","decade":"90-99","log_budget":7.3222,"log_rev":7.8955,"id":"9473"},{"film":"Juno","revenue":231411584,"budget":7500000,"language":"en","popularity":12424,"vote.average":7,"vote.count":4658,"release.date":"2007-12-05","genre":35,"certification":"PG-13","genre_txt":"Comedy","year":2007,"lustrum":"05-09","decade":"00-09","log_budget":6.8751,"log_rev":8.3644,"id":"7326"},{"film":"The Last Boy Scout","revenue":59509925,"budget":29000000,"language":"en","popularity":12417,"vote.average":6.6,"vote.count":953,"release.date":"1991-12-11","genre":28,"certification":"R","genre_txt":"Action","year":1991,"lustrum":"90-94","decade":"90-99","log_budget":7.4624,"log_rev":7.7746,"id":"9319"},{"film":"Prince of Persia The Sands of Time","revenue":335154643,"budget":150000000,"language":"en","popularity":12372,"vote.average":6.2,"vote.count":4529,"release.date":"2010-05-19","genre":28,"certification":"PG-13","genre_txt":"Action","year":2010,"lustrum":"10-14","decade":"10-19","log_budget":8.1761,"log_rev":8.5252,"id":"9543"},{"film":"Argo","revenue":232324128,"budget":44500000,"language":"en","popularity":12319,"vote.average":7.2,"vote.count":5632,"release.date":"2012-10-11","genre":18,"certification":"R","genre_txt":"Drama","year":2012,"lustrum":"10-14","decade":"10-19","log_budget":7.6484,"log_rev":8.3661,"id":"68734"},{"film":"Big Trouble in Little China","revenue":11000000,"budget":25000000,"language":"en","popularity":12256,"vote.average":7.2,"vote.count":1559,"release.date":"1986-05-30","genre":28,"certification":"PG-13","genre_txt":"Action","year":1986,"lustrum":"85-89","decade":"80-89","log_budget":7.3979,"log_rev":7.0414,"id":"6978"},{"film":"Lethal Weapon","revenue":120207127,"budget":15000000,"language":"en","popularity":12232,"vote.average":7.2,"vote.count":2600,"release.date":"1987-03-06","genre":28,"certification":"R","genre_txt":"Action","year":1987,"lustrum":"85-89","decade":"80-89","log_budget":7.1761,"log_rev":8.0799,"id":"941"},{"film":"Demolition Man","revenue":159055768,"budget":57000000,"language":"en","popularity":12205,"vote.average":6.5,"vote.count":1961,"release.date":"1993-10-08","genre":80,"certification":"R","genre_txt":"Crime","year":1993,"lustrum":"90-94","decade":"90-99","log_budget":7.7559,"log_rev":8.2015,"id":"9739"},{"film":"Youve Got Mail","revenue":250821495,"budget":65000000,"language":"en","popularity":12165,"vote.average":6.6,"vote.count":1896,"release.date":"1998-12-17","genre":35,"certification":"PG","genre_txt":"Comedy","year":1998,"lustrum":"95-99","decade":"90-99","log_budget":7.8129,"log_rev":8.3994,"id":"9489"},{"film":"Zero Dark Thirty","revenue":132820716,"budget":40000000,"language":"en","popularity":12149,"vote.average":6.9,"vote.count":2839,"release.date":"2012-12-19","genre":18,"certification":"R","genre_txt":"Drama","year":2012,"lustrum":"10-14","decade":"10-19","log_budget":7.6021,"log_rev":8.1233,"id":"97630"},{"film":"Star Trek The Motion Picture","revenue":139000000,"budget":35000000,"language":"en","popularity":12119,"vote.average":6.4,"vote.count":945,"release.date":"1979-12-07","genre":12,"certification":"PG","genre_txt":"Adventure","year":1979,"lustrum":"75-79","decade":"70-79","log_budget":7.5441,"log_rev":8.143,"id":"152"},{"film":"Robin Hood Prince of Thieves","revenue":390493908,"budget":48000000,"language":"en","popularity":11992,"vote.average":6.8,"vote.count":1881,"release.date":"1991-06-14","genre":12,"certification":"PG-13","genre_txt":"Adventure","year":1991,"lustrum":"90-94","decade":"90-99","log_budget":7.6812,"log_rev":8.5916,"id":"8367"},{"film":"Charlies Angels Full Throttle","revenue":259175788,"budget":120000000,"language":"en","popularity":11971,"vote.average":5.4,"vote.count":1921,"release.date":"2003-06-27","genre":28,"certification":"PG-13","genre_txt":"Action","year":2003,"lustrum":"00-04","decade":"00-09","log_budget":8.0792,"log_rev":8.4136,"id":"9471"},{"film":"The Texas Chain Saw Massacre","revenue":30859000,"budget":85000,"language":"en","popularity":11941,"vote.average":7.3,"vote.count":1473,"release.date":"1974-10-01","genre":27,"certification":"R","genre_txt":"Horror","year":1974,"lustrum":"70-74","decade":"70-79","log_budget":4.9294,"log_rev":7.4894,"id":"30497"},{"film":"Tron","revenue":33000000,"budget":17000000,"language":"en","popularity":11885,"vote.average":6.6,"vote.count":1237,"release.date":"1982-07-09","genre":878,"certification":"PG","genre_txt":"Science Fiction","year":1982,"lustrum":"80-84","decade":"80-89","log_budget":7.2304,"log_rev":7.5185,"id":"97"},{"film":"Eraser","revenue":242295562,"budget":100000000,"language":"en","popularity":11871,"vote.average":5.9,"vote.count":1008,"release.date":"1996-06-21","genre":28,"certification":"R","genre_txt":"Action","year":1996,"lustrum":"95-99","decade":"90-99","log_budget":8,"log_rev":8.3843,"id":"9268"},{"film":"Behind Enemy Lines","revenue":91753202,"budget":40000000,"language":"en","popularity":11869,"vote.average":6.2,"vote.count":800,"release.date":"2001-11-30","genre":28,"certification":"PG-13","genre_txt":"Action","year":2001,"lustrum":"00-04","decade":"00-09","log_budget":7.6021,"log_rev":7.9626,"id":"8007"},{"film":"Zathura A Space Adventure","revenue":64321501,"budget":65000000,"language":"en","popularity":11833,"vote.average":6.3,"vote.count":1902,"release.date":"2005-11-06","genre":10751,"certification":"PG","genre_txt":"Family","year":2005,"lustrum":"05-09","decade":"00-09","log_budget":7.8129,"log_rev":7.8084,"id":"6795"},{"film":"Warrior","revenue":23057115,"budget":25000000,"language":"en","popularity":11792,"vote.average":7.8,"vote.count":2468,"release.date":"2011-09-09","genre":18,"certification":"PG-13","genre_txt":"Drama","year":2011,"lustrum":"10-14","decade":"10-19","log_budget":7.3979,"log_rev":7.3628,"id":"59440"},{"film":"They Live","revenue":13008928,"budget":4000000,"language":"en","popularity":11772,"vote.average":7.2,"vote.count":1287,"release.date":"1988-11-23","genre":28,"certification":"R","genre_txt":"Action","year":1988,"lustrum":"85-89","decade":"80-89","log_budget":6.6021,"log_rev":7.1142,"id":"8337"},{"film":"Godzilla","revenue":379014294,"budget":130000000,"language":"en","popularity":11692,"vote.average":5.5,"vote.count":2239,"release.date":"1998-05-20","genre":878,"certification":"PG-13","genre_txt":"Science Fiction","year":1998,"lustrum":"95-99","decade":"90-99","log_budget":8.1139,"log_rev":8.5787,"id":"929"},{"film":"Honey I Shrunk the Kids","revenue":222724172,"budget":18000000,"language":"en","popularity":11683,"vote.average":6.2,"vote.count":1747,"release.date":"1989-06-22","genre":12,"certification":"PG","genre_txt":"Adventure","year":1989,"lustrum":"85-89","decade":"80-89","log_budget":7.2553,"log_rev":8.3478,"id":"9354"},{"film":"Highlander","revenue":5900000,"budget":16000000,"language":"en","popularity":11605,"vote.average":6.9,"vote.count":1366,"release.date":"1986-03-07","genre":28,"certification":"R","genre_txt":"Action","year":1986,"lustrum":"85-89","decade":"80-89","log_budget":7.2041,"log_rev":6.7709,"id":"8009"},{"film":"Rocky II","revenue":200182160,"budget":7000000,"language":"en","popularity":11387,"vote.average":7.1,"vote.count":2408,"release.date":"1979-06-15","genre":18,"certification":"PG","genre_txt":"Drama","year":1979,"lustrum":"75-79","decade":"70-79","log_budget":6.8451,"log_rev":8.3014,"id":"1367"},{"film":"Last Action Hero","revenue":137298489,"budget":85000000,"language":"en","popularity":11275,"vote.average":6.3,"vote.count":1449,"release.date":"1993-06-18","genre":12,"certification":"PG-13","genre_txt":"Adventure","year":1993,"lustrum":"90-94","decade":"90-99","log_budget":7.9294,"log_rev":8.1377,"id":"9593"},{"film":"K19 The Widowmaker","revenue":35168966,"budget":100000000,"language":"en","popularity":11137,"vote.average":6.4,"vote.count":510,"release.date":"2002-07-19","genre":18,"certification":"PG-13","genre_txt":"Drama","year":2002,"lustrum":"00-04","decade":"00-09","log_budget":8,"log_rev":7.5462,"id":"8665"},{"film":"Click","revenue":237681299,"budget":82500000,"language":"en","popularity":11117,"vote.average":6.1,"vote.count":4476,"release.date":"2006-06-22","genre":35,"certification":"PG-13","genre_txt":"Comedy","year":2006,"lustrum":"05-09","decade":"00-09","log_budget":7.9165,"log_rev":8.376,"id":"9339"},{"film":"Jingle All the Way","revenue":129832389,"budget":60000000,"language":"en","popularity":11105,"vote.average":5.7,"vote.count":1388,"release.date":"1996-11-15","genre":10751,"certification":"PG","genre_txt":"Family","year":1996,"lustrum":"95-99","decade":"90-99","log_budget":7.7782,"log_rev":8.1134,"id":"9279"},{"film":"The Last of the Mohicans","revenue":75505856,"budget":40000000,"language":"en","popularity":11102,"vote.average":7.3,"vote.count":1614,"release.date":"1992-09-25","genre":28,"certification":"R","genre_txt":"Action","year":1992,"lustrum":"90-94","decade":"90-99","log_budget":7.6021,"log_rev":7.878,"id":"9361"},{"film":"Hellraiser","revenue":14564027,"budget":1000000,"language":"en","popularity":11096,"vote.average":7,"vote.count":1105,"release.date":"1987-09-11","genre":27,"certification":"R","genre_txt":"Horror","year":1987,"lustrum":"85-89","decade":"80-89","log_budget":6,"log_rev":7.1633,"id":"9003"},{"film":"Garfield A Tail of Two Kitties","revenue":141702264,"budget":60000000,"language":"en","popularity":11027,"vote.average":5.3,"vote.count":1223,"release.date":"2006-06-15","genre":16,"certification":"PG","genre_txt":"Animation","year":2006,"lustrum":"05-09","decade":"00-09","log_budget":7.7782,"log_rev":8.1514,"id":"9513"},{"film":"The Core","revenue":74208267,"budget":60000000,"language":"en","popularity":10965,"vote.average":5.6,"vote.count":942,"release.date":"2003-03-28","genre":28,"certification":"PG-13","genre_txt":"Action","year":2003,"lustrum":"00-04","decade":"00-09","log_budget":7.7782,"log_rev":7.8705,"id":"9341"},{"film":"American Pie Presents Beta House","revenue":18610260,"budget":10000000,"language":"en","popularity":10859,"vote.average":5.5,"vote.count":1111,"release.date":"2007-12-10","genre":35,"certification":"R","genre_txt":"Comedy","year":2007,"lustrum":"05-09","decade":"00-09","log_budget":7,"log_rev":7.2698,"id":"8277"},{"film":"Hellbound Hellraiser II","revenue":12090735,"budget":3000000,"language":"en","popularity":10843,"vote.average":6.3,"vote.count":483,"release.date":"1988-12-23","genre":27,"certification":"R","genre_txt":"Horror","year":1988,"lustrum":"85-89","decade":"80-89","log_budget":6.4771,"log_rev":7.0825,"id":"9064"},{"film":"The Final Countdown","revenue":16647800,"budget":12000000,"language":"en","popularity":10799,"vote.average":6.3,"vote.count":237,"release.date":"1980-01-31","genre":28,"certification":"PG","genre_txt":"Action","year":1980,"lustrum":"80-84","decade":"80-89","log_budget":7.0792,"log_rev":7.2214,"id":"8738"},{"film":"Darkman","revenue":48878502,"budget":16000000,"language":"en","popularity":10789,"vote.average":6.4,"vote.count":674,"release.date":"1990-08-24","genre":28,"certification":"R","genre_txt":"Action","year":1990,"lustrum":"90-94","decade":"90-99","log_budget":7.2041,"log_rev":7.6891,"id":"9556"},{"film":"Gremlins 2 The New Batch","revenue":41482207,"budget":50000000,"language":"en","popularity":10741,"vote.average":6.4,"vote.count":1437,"release.date":"1990-06-15","genre":35,"certification":"PG-13","genre_txt":"Comedy","year":1990,"lustrum":"90-94","decade":"90-99","log_budget":7.699,"log_rev":7.6179,"id":"928"},{"film":"The Great Mouse Detective","revenue":38625550,"budget":14000000,"language":"en","popularity":10722,"vote.average":7,"vote.count":920,"release.date":"1986-07-02","genre":12,"certification":"G","genre_txt":"Adventure","year":1986,"lustrum":"85-89","decade":"80-89","log_budget":7.1461,"log_rev":7.5869,"id":"9994"},{"film":"Tootsie","revenue":177200000,"budget":21000000,"language":"en","popularity":10705,"vote.average":7.2,"vote.count":934,"release.date":"1982-12-16","genre":35,"certification":"PG","genre_txt":"Comedy","year":1982,"lustrum":"80-84","decade":"80-89","log_budget":7.3222,"log_rev":8.2485,"id":"9576"},{"film":"Candyman","revenue":25792310,"budget":6000000,"language":"en","popularity":10677,"vote.average":6.4,"vote.count":630,"release.date":"1992-09-11","genre":18,"certification":"R","genre_txt":"Drama","year":1992,"lustrum":"90-94","decade":"90-99","log_budget":6.7782,"log_rev":7.4115,"id":"9529"},{"film":"Papillon","revenue":53267000,"budget":12000000,"language":"en","popularity":10653,"vote.average":8,"vote.count":971,"release.date":"1973-12-13","genre":80,"certification":"PG","genre_txt":"Crime","year":1973,"lustrum":"70-74","decade":"70-79","log_budget":7.0792,"log_rev":7.7265,"id":"5924"},{"film":"The Wild","revenue":37384046,"budget":80000000,"language":"en","popularity":10557,"vote.average":5.3,"vote.count":579,"release.date":"2006-03-06","genre":10751,"certification":"G","genre_txt":"Family","year":2006,"lustrum":"05-09","decade":"00-09","log_budget":7.9031,"log_rev":7.5727,"id":"9904"},{"film":"Above the Law","revenue":18869631,"budget":7500000,"language":"en","popularity":10538,"vote.average":6,"vote.count":303,"release.date":"1988-04-08","genre":28,"certification":"R","genre_txt":"Action","year":1988,"lustrum":"85-89","decade":"80-89","log_budget":6.8751,"log_rev":7.2758,"id":"9395"},{"film":"Patriot Games","revenue":178051587,"budget":45000000,"language":"en","popularity":10533,"vote.average":6.6,"vote.count":841,"release.date":"1992-06-04","genre":28,"certification":"R","genre_txt":"Action","year":1992,"lustrum":"90-94","decade":"90-99","log_budget":7.6532,"log_rev":8.2505,"id":"9869"},{"film":"Cocktail","revenue":171504781,"budget":20000000,"language":"en","popularity":10445,"vote.average":6,"vote.count":735,"release.date":"1988-07-29","genre":35,"certification":"R","genre_txt":"Comedy","year":1988,"lustrum":"85-89","decade":"80-89","log_budget":7.301,"log_rev":8.2343,"id":"7520"},{"film":"Fools Gold","revenue":111231041,"budget":70000000,"language":"en","popularity":10436,"vote.average":5.6,"vote.count":879,"release.date":"2008-02-07","genre":12,"certification":"PG-13","genre_txt":"Adventure","year":2008,"lustrum":"05-09","decade":"00-09","log_budget":7.8451,"log_rev":8.0462,"id":"8676"},{"film":"Superman II","revenue":190458706,"budget":54000000,"language":"en","popularity":10432,"vote.average":6.6,"vote.count":1299,"release.date":"1980-12-04","genre":878,"certification":"PG","genre_txt":"Science Fiction","year":1980,"lustrum":"80-84","decade":"80-89","log_budget":7.7324,"log_rev":8.2798,"id":"8536"},{"film":"Jaws 2","revenue":187884007,"budget":20000000,"language":"en","popularity":10428,"vote.average":5.9,"vote.count":1029,"release.date":"1978-06-16","genre":27,"certification":"PG","genre_txt":"Horror","year":1978,"lustrum":"75-79","decade":"70-79","log_budget":7.301,"log_rev":8.2739,"id":"579"},{"film":"Convoy","revenue":22765081,"budget":12000000,"language":"en","popularity":10375,"vote.average":6.2,"vote.count":150,"release.date":"1978-06-27","genre":28,"certification":"PG","genre_txt":"Action","year":1978,"lustrum":"75-79","decade":"70-79","log_budget":7.0792,"log_rev":7.3573,"id":"9584"},{"film":"A Man Apart","revenue":44350926,"budget":36000000,"language":"en","popularity":10371,"vote.average":6,"vote.count":482,"release.date":"2003-04-04","genre":28,"certification":"R","genre_txt":"Action","year":2003,"lustrum":"00-04","decade":"00-09","log_budget":7.5563,"log_rev":7.6469,"id":"8409"},{"film":"Judge Dredd","revenue":113493481,"budget":90000000,"language":"en","popularity":10306,"vote.average":5.6,"vote.count":1346,"release.date":"1995-06-30","genre":878,"certification":"R","genre_txt":"Science Fiction","year":1995,"lustrum":"95-99","decade":"90-99","log_budget":7.9542,"log_rev":8.055,"id":"9482"},{"film":"All About My Mother","revenue":67872296,"budget":8272296,"language":"es","popularity":10252,"vote.average":7.7,"vote.count":891,"release.date":"1999-04-19","genre":35,"genre_txt":"Comedy","year":1999,"lustrum":"95-99","decade":"90-99","log_budget":6.9176,"log_rev":7.8317,"id":"99"},{"film":"Mystery Men","revenue":29762011,"budget":68000000,"language":"en","popularity":10222,"vote.average":5.8,"vote.count":447,"release.date":"1999-08-06","genre":28,"certification":"PG-13","genre_txt":"Action","year":1999,"lustrum":"95-99","decade":"90-99","log_budget":7.8325,"log_rev":7.4737,"id":"9824"},{"film":"The Flintstones","revenue":341631208,"budget":46000000,"language":"en","popularity":10195,"vote.average":5.2,"vote.count":1440,"release.date":"1994-05-26","genre":35,"certification":"PG","genre_txt":"Comedy","year":1994,"lustrum":"90-94","decade":"90-99","log_budget":7.6628,"log_rev":8.5336,"id":"888"},{"film":"The Way of the Dragon","revenue":27000000,"budget":130000,"language":"cn","popularity":10193,"vote.average":7.4,"vote.count":500,"release.date":"1972-06-01","genre":28,"certification":"R","genre_txt":"Action","year":1972,"lustrum":"70-74","decade":"70-79","log_budget":5.1139,"log_rev":7.4314,"id":"9462"},{"film":"Sahara","revenue":119269486,"budget":130000000,"language":"en","popularity":10083,"vote.average":5.8,"vote.count":819,"release.date":"2005-04-06","genre":28,"certification":"PG-13","genre_txt":"Action","year":2005,"lustrum":"05-09","decade":"00-09","log_budget":8.1139,"log_rev":8.0765,"id":"7364"},{"film":"Step Up Revolution","revenue":140470746,"budget":33000000,"language":"en","popularity":10059,"vote.average":6.9,"vote.count":1397,"release.date":"2012-07-26","genre":18,"certification":"PG-13","genre_txt":"Drama","year":2012,"lustrum":"10-14","decade":"10-19","log_budget":7.5185,"log_rev":8.1476,"id":"85446"},{"film":"Dantes Peak","revenue":178127760,"budget":116000000,"language":"en","popularity":10044,"vote.average":5.9,"vote.count":930,"release.date":"1997-02-07","genre":28,"certification":"PG-13","genre_txt":"Action","year":1997,"lustrum":"95-99","decade":"90-99","log_budget":8.0645,"log_rev":8.2507,"id":"9619"},{"film":"Eraserhead","revenue":7000000,"budget":100000,"language":"en","popularity":9989,"vote.average":7.6,"vote.count":1223,"release.date":"1977-03-19","genre":14,"certification":"NR","genre_txt":"Fantasy","year":1977,"lustrum":"75-79","decade":"70-79","log_budget":5,"log_rev":6.8451,"id":"985"},{"film":"Species","revenue":113374103,"budget":35000000,"language":"en","popularity":9987,"vote.average":5.7,"vote.count":817,"release.date":"1995-07-07","genre":28,"certification":"R","genre_txt":"Action","year":1995,"lustrum":"95-99","decade":"90-99","log_budget":7.5441,"log_rev":8.0545,"id":"9348"},{"film":"Ken Park","revenue":447741,"budget":1300000,"language":"en","popularity":9953,"vote.average":5.9,"vote.count":284,"release.date":"2002-08-31","genre":18,"certification":"R","genre_txt":"Drama","year":2002,"lustrum":"00-04","decade":"00-09","log_budget":6.1139,"log_rev":5.651,"id":"7090"},{"film":"Red Planet","revenue":33463969,"budget":80000000,"language":"en","popularity":9948,"vote.average":5.6,"vote.count":530,"release.date":"2000-11-10","genre":53,"certification":"PG-13","genre_txt":"Thriller","year":2000,"lustrum":"00-04","decade":"00-09","log_budget":7.9031,"log_rev":7.5246,"id":"8870"},{"film":"Superman III","revenue":75850624,"budget":39000000,"language":"en","popularity":9868,"vote.average":5.4,"vote.count":960,"release.date":"1983-06-17","genre":35,"certification":"PG","genre_txt":"Comedy","year":1983,"lustrum":"80-84","decade":"80-89","log_budget":7.5911,"log_rev":7.88,"id":"9531"},{"film":"Dawn of the Dead","revenue":55000000,"budget":650000,"language":"en","popularity":9851,"vote.average":7.5,"vote.count":1094,"release.date":"1978-09-02","genre":27,"certification":"NR","genre_txt":"Horror","year":1978,"lustrum":"75-79","decade":"70-79","log_budget":5.8129,"log_rev":7.7404,"id":"923"},{"film":"Scent of a Woman","revenue":134095253,"budget":31000000,"language":"en","popularity":9847,"vote.average":7.7,"vote.count":1599,"release.date":"1992-12-23","genre":18,"certification":"R","genre_txt":"Drama","year":1992,"lustrum":"90-94","decade":"90-99","log_budget":7.4914,"log_rev":8.1274,"id":"9475"},{"film":"Death Becomes Her","revenue":149022650,"budget":55000000,"language":"en","popularity":9823,"vote.average":6.7,"vote.count":1386,"release.date":"1992-07-30","genre":35,"certification":"PG-13","genre_txt":"Comedy","year":1992,"lustrum":"90-94","decade":"90-99","log_budget":7.7404,"log_rev":8.1733,"id":"9374"},{"film":"Abduction","revenue":82087155,"budget":35000000,"language":"en","popularity":9808,"vote.average":5.8,"vote.count":2000,"release.date":"2011-09-22","genre":53,"certification":"PG-13","genre_txt":"Thriller","year":2011,"lustrum":"10-14","decade":"10-19","log_budget":7.5441,"log_rev":7.9143,"id":"59965"},{"film":"The Poseidon Adventure","revenue":84563118,"budget":5000000,"language":"en","popularity":9794,"vote.average":7.2,"vote.count":460,"release.date":"1972-12-13","genre":28,"certification":"PG","genre_txt":"Action","year":1972,"lustrum":"70-74","decade":"70-79","log_budget":6.699,"log_rev":7.9272,"id":"551"},{"film":"Glory","revenue":26828365,"budget":18000000,"language":"en","popularity":9782,"vote.average":7.5,"vote.count":725,"release.date":"1989-12-15","genre":36,"certification":"R","genre_txt":"History","year":1989,"lustrum":"85-89","decade":"80-89","log_budget":7.2553,"log_rev":7.4286,"id":"9665"},{"film":"Journey 2 The Mysterious Island","revenue":355692760,"budget":79000000,"language":"en","popularity":9743,"vote.average":6,"vote.count":2487,"release.date":"2012-01-19","genre":28,"certification":"PG","genre_txt":"Action","year":2012,"lustrum":"10-14","decade":"10-19","log_budget":7.8976,"log_rev":8.5511,"id":"72545"},{"film":"CryBaby","revenue":8266343,"budget":11000000,"language":"en","popularity":9692,"vote.average":6.4,"vote.count":857,"release.date":"1990-04-05","genre":35,"certification":"PG-13","genre_txt":"Comedy","year":1990,"lustrum":"90-94","decade":"90-99","log_budget":7.0414,"log_rev":6.9173,"id":"9768"},{"film":"Hot Shots Part Deux","revenue":133752825,"budget":25000000,"language":"en","popularity":9685,"vote.average":6.4,"vote.count":938,"release.date":"1993-05-21","genre":28,"certification":"PG-13","genre_txt":"Action","year":1993,"lustrum":"90-94","decade":"90-99","log_budget":7.3979,"log_rev":8.1263,"id":"9255"},{"film":"Cool Runnings","revenue":154856263,"budget":14000000,"language":"en","popularity":9681,"vote.average":7,"vote.count":1096,"release.date":"1993-09-30","genre":35,"certification":"PG","genre_txt":"Comedy","year":1993,"lustrum":"90-94","decade":"90-99","log_budget":7.1461,"log_rev":8.1899,"id":"864"},{"film":"Finding Neverland","revenue":116766556,"budget":25000000,"language":"en","popularity":9666,"vote.average":7.3,"vote.count":2513,"release.date":"2004-10-17","genre":18,"certification":"PG","genre_txt":"Drama","year":2004,"lustrum":"00-04","decade":"00-09","log_budget":7.3979,"log_rev":8.0673,"id":"866"},{"film":"Angel Heart","revenue":17185632,"budget":17000000,"language":"en","popularity":9664,"vote.average":7.2,"vote.count":747,"release.date":"1987-03-06","genre":27,"certification":"R","genre_txt":"Horror","year":1987,"lustrum":"85-89","decade":"80-89","log_budget":7.2304,"log_rev":7.2352,"id":"635"},{"film":"Save the Last Dance","revenue":91038276,"budget":13000000,"language":"en","popularity":9638,"vote.average":6.5,"vote.count":796,"release.date":"2001-01-12","genre":18,"certification":"PG-13","genre_txt":"Drama","year":2001,"lustrum":"00-04","decade":"00-09","log_budget":7.1139,"log_rev":7.9592,"id":"9816"},{"film":"Dick Tracy","revenue":103738726,"budget":47000000,"language":"en","popularity":9599,"vote.average":6.1,"vote.count":485,"release.date":"1990-04-05","genre":12,"certification":"PG","genre_txt":"Adventure","year":1990,"lustrum":"90-94","decade":"90-99","log_budget":7.6721,"log_rev":8.0159,"id":"8592"},{"film":"Friday the 13th Part 2","revenue":21722776,"budget":1250000,"language":"en","popularity":9537,"vote.average":6,"vote.count":790,"release.date":"1981-05-01","genre":27,"certification":"R","genre_txt":"Horror","year":1981,"lustrum":"80-84","decade":"80-89","log_budget":6.0969,"log_rev":7.3369,"id":"9725"},{"film":"Lock Up","revenue":22099847,"budget":24000000,"language":"en","popularity":9537,"vote.average":6.5,"vote.count":480,"release.date":"1989-08-04","genre":28,"certification":"R","genre_txt":"Action","year":1989,"lustrum":"85-89","decade":"80-89","log_budget":7.3802,"log_rev":7.3444,"id":"9972"},{"film":"WarGames","revenue":79567667,"budget":12000000,"language":"en","popularity":9462,"vote.average":7.1,"vote.count":967,"release.date":"1983-06-03","genre":53,"certification":"PG","genre_txt":"Thriller","year":1983,"lustrum":"80-84","decade":"80-89","log_budget":7.0792,"log_rev":7.9007,"id":"860"},{"film":"Under Siege","revenue":156563139,"budget":35000000,"language":"en","popularity":9445,"vote.average":6.2,"vote.count":753,"release.date":"1992-10-08","genre":28,"certification":"R","genre_txt":"Action","year":1992,"lustrum":"90-94","decade":"90-99","log_budget":7.5441,"log_rev":8.1947,"id":"8845"},{"film":"Unknown","revenue":130786397,"budget":30000000,"language":"en","popularity":9421,"vote.average":6.6,"vote.count":2305,"release.date":"2011-02-16","genre":28,"certification":"PG-13","genre_txt":"Action","year":2011,"lustrum":"10-14","decade":"10-19","log_budget":7.4771,"log_rev":8.1166,"id":"48138"},{"film":"DOA Dead or Alive","revenue":480314,"budget":21000000,"language":"en","popularity":9412,"vote.average":4.9,"vote.count":424,"release.date":"2006-09-07","genre":12,"certification":"PG-13","genre_txt":"Adventure","year":2006,"lustrum":"05-09","decade":"00-09","log_budget":7.3222,"log_rev":5.6815,"id":"9053"},{"film":"Clear and Present Danger","revenue":215887717,"budget":62000000,"language":"en","popularity":9395,"vote.average":6.6,"vote.count":747,"release.date":"1994-08-03","genre":28,"certification":"PG-13","genre_txt":"Action","year":1994,"lustrum":"90-94","decade":"90-99","log_budget":7.7924,"log_rev":8.3342,"id":"9331"},{"film":"Top Secret","revenue":20458340,"budget":9000000,"language":"en","popularity":9292,"vote.average":7,"vote.count":522,"release.date":"1984-06-08","genre":35,"certification":"PG","genre_txt":"Comedy","year":1984,"lustrum":"80-84","decade":"80-89","log_budget":6.9542,"log_rev":7.3109,"id":"8764"},{"film":"A Walk in the Clouds","revenue":50012507,"budget":20000000,"language":"en","popularity":9283,"vote.average":6.7,"vote.count":366,"release.date":"1995-08-11","genre":18,"certification":"PG-13","genre_txt":"Drama","year":1995,"lustrum":"95-99","decade":"90-99","log_budget":7.301,"log_rev":7.6991,"id":"9560"},{"film":"Romancing the Stone","revenue":86572238,"budget":10000000,"language":"en","popularity":9268,"vote.average":6.7,"vote.count":949,"release.date":"1984-03-30","genre":28,"certification":"PG","genre_txt":"Action","year":1984,"lustrum":"80-84","decade":"80-89","log_budget":7,"log_rev":7.9374,"id":"9326"},{"film":"An American Werewolf in London","revenue":31973249,"budget":10000000,"language":"en","popularity":9258,"vote.average":7.3,"vote.count":1154,"release.date":"1981-08-21","genre":35,"certification":"R","genre_txt":"Comedy","year":1981,"lustrum":"80-84","decade":"80-89","log_budget":7,"log_rev":7.5048,"id":"814"},{"film":"The Weather Man","revenue":12482775,"budget":20000000,"language":"en","popularity":9213,"vote.average":6.1,"vote.count":548,"release.date":"2005-10-20","genre":35,"certification":"R","genre_txt":"Comedy","year":2005,"lustrum":"05-09","decade":"00-09","log_budget":7.301,"log_rev":7.0963,"id":"6963"},{"film":"The Karate Kid Part II","revenue":115103979,"budget":13000000,"language":"en","popularity":9166,"vote.average":6.1,"vote.count":1015,"release.date":"1986-06-18","genre":28,"certification":"PG","genre_txt":"Action","year":1986,"lustrum":"85-89","decade":"80-89","log_budget":7.1139,"log_rev":8.0611,"id":"8856"},{"film":"Cobra","revenue":49042224,"budget":25000000,"language":"en","popularity":9079,"vote.average":5.8,"vote.count":849,"release.date":"1986-03-21","genre":28,"certification":"R","genre_txt":"Action","year":1986,"lustrum":"85-89","decade":"80-89","log_budget":7.3979,"log_rev":7.6906,"id":"9874"},{"film":"Friday the 13th Part III","revenue":36690067,"budget":4000000,"language":"en","popularity":8993,"vote.average":5.8,"vote.count":649,"release.date":"1982-08-13","genre":27,"certification":"R","genre_txt":"Horror","year":1982,"lustrum":"80-84","decade":"80-89","log_budget":6.6021,"log_rev":7.5645,"id":"9728"},{"film":"American Graffiti","revenue":140000000,"budget":777000,"language":"en","popularity":8992,"vote.average":7.1,"vote.count":737,"release.date":"1973-08-01","genre":35,"certification":"PG","genre_txt":"Comedy","year":1973,"lustrum":"70-74","decade":"70-79","log_budget":5.8904,"log_rev":8.1461,"id":"838"},{"film":"The Dukes of Hazzard","revenue":110803676,"budget":50000000,"language":"en","popularity":8979,"vote.average":5.3,"vote.count":633,"release.date":"2005-08-05","genre":28,"certification":"PG-13","genre_txt":"Action","year":2005,"lustrum":"05-09","decade":"00-09","log_budget":7.699,"log_rev":8.0446,"id":"6519"},{"film":"Anaconda","revenue":136,"budget":45,"language":"en","popularity":8973,"vote.average":4.9,"vote.count":1365,"release.date":"1997-04-11","genre":12,"certification":"PG-13","genre_txt":"Adventure","year":1997,"lustrum":"95-99","decade":"90-99","log_budget":1.6532,"log_rev":2.1335,"id":"9360"},{"film":"Scrooged","revenue":60328558,"budget":32000000,"language":"en","popularity":8876,"vote.average":6.9,"vote.count":800,"release.date":"1988-11-22","genre":35,"certification":"PG-13","genre_txt":"Comedy","year":1988,"lustrum":"85-89","decade":"80-89","log_budget":7.5051,"log_rev":7.7805,"id":"9647"},{"film":"Risky Business","revenue":63541777,"budget":6200000,"language":"en","popularity":8857,"vote.average":6.6,"vote.count":651,"release.date":"1983-08-05","genre":35,"certification":"R","genre_txt":"Comedy","year":1983,"lustrum":"80-84","decade":"80-89","log_budget":6.7924,"log_rev":7.8031,"id":"9346"},{"film":"Cruel Intentions","revenue":75902208,"budget":10500000,"language":"en","popularity":8845,"vote.average":6.6,"vote.count":1760,"release.date":"1999-03-05","genre":18,"certification":"R","genre_txt":"Drama","year":1999,"lustrum":"95-99","decade":"90-99","log_budget":7.0212,"log_rev":7.8803,"id":"796"},{"film":"In the Line of Fire","revenue":176997168,"budget":40000000,"language":"en","popularity":8832,"vote.average":6.9,"vote.count":771,"release.date":"1993-07-08","genre":28,"certification":"R","genre_txt":"Action","year":1993,"lustrum":"90-94","decade":"90-99","log_budget":7.6021,"log_rev":8.248,"id":"9386"},{"film":"The Color Purple","revenue":146292009,"budget":15000000,"language":"en","popularity":8831,"vote.average":7.8,"vote.count":852,"release.date":"1985-12-18","genre":18,"certification":"PG-13","genre_txt":"Drama","year":1985,"lustrum":"85-89","decade":"80-89","log_budget":7.1761,"log_rev":8.1652,"id":"873"},{"film":"Animal House","revenue":141000000,"budget":2700000,"language":"en","popularity":8761,"vote.average":7.1,"vote.count":862,"release.date":"1978-07-27","genre":35,"certification":"R","genre_txt":"Comedy","year":1978,"lustrum":"75-79","decade":"70-79","log_budget":6.4314,"log_rev":8.1492,"id":"8469"},{"film":"MASH","revenue":81600000,"budget":3500000,"language":"en","popularity":8736,"vote.average":7.1,"vote.count":488,"release.date":"1970-01-24","genre":35,"certification":"R","genre_txt":"Comedy","year":1970,"lustrum":"70-74","decade":"70-79","log_budget":6.5441,"log_rev":7.9117,"id":"651"},{"film":"Glengarry Glen Ross","revenue":10725228,"budget":12500000,"language":"en","popularity":8736,"vote.average":7.5,"vote.count":618,"release.date":"1992-09-15","genre":80,"certification":"R","genre_txt":"Crime","year":1992,"lustrum":"90-94","decade":"90-99","log_budget":7.0969,"log_rev":7.0304,"id":"9504"},{"film":"EverAfter","revenue":65705772,"budget":26000000,"language":"en","popularity":8734,"vote.average":7.1,"vote.count":810,"release.date":"1998-07-31","genre":18,"certification":"PG-13","genre_txt":"Drama","year":1998,"lustrum":"95-99","decade":"90-99","log_budget":7.415,"log_rev":7.8176,"id":"9454"},{"film":"Lionheart","revenue":24271196,"budget":6000000,"language":"en","popularity":8724,"vote.average":6.1,"vote.count":400,"release.date":"1990-06-07","genre":28,"certification":"R","genre_txt":"Action","year":1990,"lustrum":"90-94","decade":"90-99","log_budget":6.7782,"log_rev":7.3851,"id":"9399"},{"film":"Out of Africa","revenue":128499205,"budget":31000000,"language":"en","popularity":8697,"vote.average":7.3,"vote.count":722,"release.date":"1985-12-20","genre":36,"certification":"PG","genre_txt":"History","year":1985,"lustrum":"85-89","decade":"80-89","log_budget":7.4914,"log_rev":8.1089,"id":"606"},{"film":"Highlander 2 The Quickening","revenue":15556340,"budget":30000000,"language":"en","popularity":8657,"vote.average":4.6,"vote.count":424,"release.date":"1991-10-11","genre":14,"certification":"R","genre_txt":"Fantasy","year":1991,"lustrum":"90-94","decade":"90-99","log_budget":7.4771,"log_rev":7.1919,"id":"8010"},{"film":"The Blob","revenue":8247943,"budget":19000000,"language":"en","popularity":8617,"vote.average":6.4,"vote.count":386,"release.date":"1988-08-05","genre":27,"certification":"R","genre_txt":"Horror","year":1988,"lustrum":"85-89","decade":"80-89","log_budget":7.2788,"log_rev":6.9163,"id":"9599"},{"film":"Crocodile Dundee","revenue":328203506,"budget":5000000,"language":"en","popularity":8605,"vote.average":6.3,"vote.count":1058,"release.date":"1986-09-26","genre":12,"certification":"PG-13","genre_txt":"Adventure","year":1986,"lustrum":"85-89","decade":"80-89","log_budget":6.699,"log_rev":8.5161,"id":"9671"},{"film":"The Right Stuff","revenue":21500000,"budget":27000000,"language":"en","popularity":8602,"vote.average":7.5,"vote.count":456,"release.date":"1983-10-20","genre":18,"certification":"PG","genre_txt":"Drama","year":1983,"lustrum":"80-84","decade":"80-89","log_budget":7.4314,"log_rev":7.3324,"id":"9549"},{"film":"The Covenant","revenue":37597471,"budget":20000000,"language":"en","popularity":8513,"vote.average":5.4,"vote.count":592,"release.date":"2006-09-08","genre":14,"certification":"PG-13","genre_txt":"Fantasy","year":2006,"lustrum":"05-09","decade":"00-09","log_budget":7.301,"log_rev":7.5752,"id":"9954"},{"film":"Turner  Hooch","revenue":71079915,"budget":13000000,"language":"en","popularity":8489,"vote.average":6.2,"vote.count":667,"release.date":"1989-07-28","genre":28,"certification":"PG","genre_txt":"Action","year":1989,"lustrum":"85-89","decade":"80-89","log_budget":7.1139,"log_rev":7.8517,"id":"6951"},{"film":"Serpico","revenue":29800000,"budget":3000000,"language":"en","popularity":8466,"vote.average":7.6,"vote.count":941,"release.date":"1973-12-05","genre":80,"certification":"R","genre_txt":"Crime","year":1973,"lustrum":"70-74","decade":"70-79","log_budget":6.4771,"log_rev":7.4742,"id":"9040"},{"film":"Klute","revenue":12512637,"budget":2500000,"language":"en","popularity":8451,"vote.average":6.8,"vote.count":161,"release.date":"1971-06-23","genre":9648,"certification":"R","genre_txt":"Mystery","year":1971,"lustrum":"70-74","decade":"70-79","log_budget":6.3979,"log_rev":7.0973,"id":"466"},{"film":"Last Tango in Paris","revenue":36144000,"budget":1250000,"language":"it","popularity":8442,"vote.average":7.1,"vote.count":631,"release.date":"1972-10-14","genre":18,"certification":"NC-17","genre_txt":"Drama","year":1972,"lustrum":"70-74","decade":"70-79","log_budget":6.0969,"log_rev":7.558,"id":"1643"},{"film":"Striptease","revenue":113309743,"budget":50000000,"language":"en","popularity":8427,"vote.average":4.8,"vote.count":429,"release.date":"1996-06-28","genre":80,"certification":"R","genre_txt":"Crime","year":1996,"lustrum":"95-99","decade":"90-99","log_budget":7.699,"log_rev":8.0543,"id":"9879"},{"film":"Quest for Fire","revenue":55260558,"budget":12000000,"language":"fr","popularity":8396,"vote.average":7.1,"vote.count":247,"release.date":"1981-12-15","genre":12,"genre_txt":"Adventure","year":1981,"lustrum":"80-84","decade":"80-89","log_budget":7.0792,"log_rev":7.7424,"id":"62204"},{"film":"Red Sonja","revenue":6948633,"budget":17900000,"language":"en","popularity":8349,"vote.average":5.2,"vote.count":421,"release.date":"1985-04-09","genre":28,"certification":"PG-13","genre_txt":"Action","year":1985,"lustrum":"85-89","decade":"80-89","log_budget":7.2529,"log_rev":6.8419,"id":"9626"},{"film":"The Fog","revenue":21378361,"budget":1000000,"language":"en","popularity":8322,"vote.average":6.6,"vote.count":690,"release.date":"1980-02-08","genre":27,"certification":"R","genre_txt":"Horror","year":1980,"lustrum":"80-84","decade":"80-89","log_budget":6,"log_rev":7.33,"id":"790"},{"film":"The Gauntlet","revenue":26414658,"budget":5500000,"language":"en","popularity":8296,"vote.average":6.7,"vote.count":235,"release.date":"1977-12-21","genre":28,"certification":"R","genre_txt":"Action","year":1977,"lustrum":"75-79","decade":"70-79","log_budget":6.7404,"log_rev":7.4218,"id":"17689"},{"film":"Straw Dogs","revenue":3251794,"budget":2200000,"language":"en","popularity":8248,"vote.average":7.2,"vote.count":461,"release.date":"1971-12-23","genre":80,"certification":"R","genre_txt":"Crime","year":1971,"lustrum":"70-74","decade":"70-79","log_budget":6.3424,"log_rev":6.5121,"id":"994"},{"film":"THX 1138","revenue":2437000,"budget":777000,"language":"en","popularity":8202,"vote.average":6.6,"vote.count":475,"release.date":"1971-03-11","genre":18,"certification":"R","genre_txt":"Drama","year":1971,"lustrum":"70-74","decade":"70-79","log_budget":5.8904,"log_rev":6.3869,"id":"636"},{"film":"Carrie","revenue":33800000,"budget":1800000,"language":"en","popularity":8177,"vote.average":7.2,"vote.count":2067,"release.date":"1976-11-03","genre":27,"certification":"R","genre_txt":"Horror","year":1976,"lustrum":"75-79","decade":"70-79","log_budget":6.2553,"log_rev":7.5289,"id":"7340"},{"film":"Midnight Run","revenue":38413606,"budget":30000000,"language":"en","popularity":8165,"vote.average":7.2,"vote.count":486,"release.date":"1988-07-20","genre":12,"certification":"R","genre_txt":"Adventure","year":1988,"lustrum":"85-89","decade":"80-89","log_budget":7.4771,"log_rev":7.5845,"id":"9013"},{"film":"Sliver","revenue":116300000,"budget":40000000,"language":"en","popularity":8152,"vote.average":5.3,"vote.count":296,"release.date":"1993-05-21","genre":18,"certification":"R","genre_txt":"Drama","year":1993,"lustrum":"90-94","decade":"90-99","log_budget":7.6021,"log_rev":8.0656,"id":"867"},{"film":"Super Mario Bros","revenue":20915465,"budget":48000000,"language":"en","popularity":8095,"vote.average":4.2,"vote.count":602,"release.date":"1993-05-28","genre":12,"certification":"PG","genre_txt":"Adventure","year":1993,"lustrum":"90-94","decade":"90-99","log_budget":7.6812,"log_rev":7.3205,"id":"9607"},{"film":"A Bridge Too Far","revenue":50750000,"budget":22000000,"language":"en","popularity":8058,"vote.average":7.2,"vote.count":385,"release.date":"1977-06-15","genre":18,"certification":"PG","genre_txt":"Drama","year":1977,"lustrum":"75-79","decade":"70-79","log_budget":7.3424,"log_rev":7.7054,"id":"5902"},{"film":"Beneath the Planet of the Apes","revenue":18999718,"budget":3000000,"language":"en","popularity":8029,"vote.average":6.2,"vote.count":647,"release.date":"1970-05-01","genre":12,"certification":"G","genre_txt":"Adventure","year":1970,"lustrum":"70-74","decade":"70-79","log_budget":6.4771,"log_rev":7.2787,"id":"1685"},{"film":"The Black Hole","revenue":35841901,"budget":20000000,"language":"en","popularity":7978,"vote.average":5.9,"vote.count":218,"release.date":"1979-12-18","genre":28,"certification":"PG","genre_txt":"Action","year":1979,"lustrum":"75-79","decade":"70-79","log_budget":7.301,"log_rev":7.5544,"id":"9570"},{"film":"The Conversation","revenue":4420000,"budget":1600000,"language":"en","popularity":7959,"vote.average":7.6,"vote.count":775,"release.date":"1974-04-07","genre":80,"certification":"PG","genre_txt":"Crime","year":1974,"lustrum":"70-74","decade":"70-79","log_budget":6.2041,"log_rev":6.6454,"id":"592"},{"film":"Love Story","revenue":136400000,"budget":2200000,"language":"en","popularity":7908,"vote.average":6.7,"vote.count":322,"release.date":"1970-12-16","genre":18,"certification":"PG","genre_txt":"Drama","year":1970,"lustrum":"70-74","decade":"70-79","log_budget":6.3424,"log_rev":8.1348,"id":"9062"},{"film":"Spies Like Us","revenue":60088980,"budget":22000000,"language":"en","popularity":7876,"vote.average":6.1,"vote.count":316,"release.date":"1985-12-06","genre":12,"certification":"PG","genre_txt":"Adventure","year":1985,"lustrum":"85-89","decade":"80-89","log_budget":7.3424,"log_rev":7.7788,"id":"9080"},{"film":"Red Heat","revenue":34994648,"budget":29000000,"language":"en","popularity":7843,"vote.average":6,"vote.count":738,"release.date":"1988-06-17","genre":28,"certification":"R","genre_txt":"Action","year":1988,"lustrum":"85-89","decade":"80-89","log_budget":7.4624,"log_rev":7.544,"id":"9604"},{"film":"Every Which Way But Loose","revenue":85,"budget":5,"language":"en","popularity":7828,"vote.average":6.1,"vote.count":231,"release.date":"1978-12-19","genre":28,"certification":"PG","genre_txt":"Action","year":1978,"lustrum":"75-79","decade":"70-79","log_budget":0.699,"log_rev":1.9294,"id":"15417"},{"film":"Major League","revenue":49797148,"budget":11000000,"language":"en","popularity":7815,"vote.average":6.8,"vote.count":396,"release.date":"1989-02-16","genre":35,"certification":"R","genre_txt":"Comedy","year":1989,"lustrum":"85-89","decade":"80-89","log_budget":7.0414,"log_rev":7.6972,"id":"9942"},{"film":"La Femme Nikita","revenue":5000000,"budget":8538703,"language":"fr","popularity":7775,"vote.average":7.2,"vote.count":1075,"release.date":"1990-02-21","genre":28,"certification":"R","genre_txt":"Action","year":1990,"lustrum":"90-94","decade":"90-99","log_budget":6.9314,"log_rev":6.699,"id":"9322"},{"film":"Scanners","revenue":14225876,"budget":4100000,"language":"en","popularity":7668,"vote.average":6.8,"vote.count":534,"release.date":"1981-01-14","genre":878,"certification":"R","genre_txt":"Science Fiction","year":1981,"lustrum":"80-84","decade":"80-89","log_budget":6.6128,"log_rev":7.1531,"id":"9538"},{"film":"Airport 1975","revenue":47000000,"budget":3000000,"language":"en","popularity":7633,"vote.average":5.7,"vote.count":123,"release.date":"1974-10-18","genre":28,"certification":"PG","genre_txt":"Action","year":1974,"lustrum":"70-74","decade":"70-79","log_budget":6.4771,"log_rev":7.6721,"id":"27932"},{"film":"Grease 2","revenue":15171476,"budget":13200000,"language":"en","popularity":7633,"vote.average":5.1,"vote.count":420,"release.date":"1982-06-11","genre":35,"certification":"PG","genre_txt":"Comedy","year":1982,"lustrum":"80-84","decade":"80-89","log_budget":7.1206,"log_rev":7.181,"id":"9037"},{"film":"The Hitcher","revenue":5844868,"budget":6000000,"language":"en","popularity":7633,"vote.average":7,"vote.count":412,"release.date":"1986-02-21","genre":27,"certification":"R","genre_txt":"Horror","year":1986,"lustrum":"85-89","decade":"80-89","log_budget":6.7782,"log_rev":6.7668,"id":"9542"},{"film":"Urban Legend","revenue":72527595,"budget":14000000,"language":"en","popularity":7622,"vote.average":5.7,"vote.count":649,"release.date":"1998-09-25","genre":27,"certification":"R","genre_txt":"Horror","year":1998,"lustrum":"95-99","decade":"90-99","log_budget":7.1461,"log_rev":7.8605,"id":"9877"},{"film":"Delicatessen","revenue":1794187,"budget":4000000,"language":"fr","popularity":7616,"vote.average":7.4,"vote.count":693,"release.date":"1991-04-17","genre":35,"certification":"R","genre_txt":"Comedy","year":1991,"lustrum":"90-94","decade":"90-99","log_budget":6.6021,"log_rev":6.2539,"id":"892"},{"film":"Play Misty for Me","revenue":10600000,"budget":725000,"language":"en","popularity":7534,"vote.average":6.7,"vote.count":187,"release.date":"1971-11-03","genre":80,"certification":"R","genre_txt":"Crime","year":1971,"lustrum":"70-74","decade":"70-79","log_budget":5.8603,"log_rev":7.0253,"id":"15393"},{"film":"The Heartbreak Kid","revenue":127766650,"budget":60000000,"language":"en","popularity":7518,"vote.average":5.6,"vote.count":910,"release.date":"2007-10-05","genre":35,"certification":"R","genre_txt":"Comedy","year":2007,"lustrum":"05-09","decade":"00-09","log_budget":7.7782,"log_rev":8.1064,"id":"9038"},{"film":"Broken Arrow","revenue":150270147,"budget":50000000,"language":"en","popularity":7449,"vote.average":6,"vote.count":812,"release.date":"1996-02-09","genre":28,"certification":"R","genre_txt":"Action","year":1996,"lustrum":"95-99","decade":"90-99","log_budget":7.699,"log_rev":8.1769,"id":"9208"},{"film":"King of New York","revenue":2554476,"budget":1000000,"language":"en","popularity":7441,"vote.average":6.7,"vote.count":255,"release.date":"1990-07-18","genre":80,"certification":"R","genre_txt":"Crime","year":1990,"lustrum":"90-94","decade":"90-99","log_budget":6,"log_rev":6.4073,"id":"9558"},{"film":"Force 10 from Navarone","revenue":7230000,"budget":5000000,"language":"en","popularity":7433,"vote.average":6.3,"vote.count":158,"release.date":"1978-11-01","genre":28,"certification":"PG","genre_txt":"Action","year":1978,"lustrum":"75-79","decade":"70-79","log_budget":6.699,"log_rev":6.8591,"id":"17339"},{"film":"Conquest of the Planet of the Apes","revenue":9700000,"budget":1700000,"language":"en","popularity":7425,"vote.average":6.2,"vote.count":426,"release.date":"1972-06-29","genre":28,"certification":"PG","genre_txt":"Action","year":1972,"lustrum":"70-74","decade":"70-79","log_budget":6.2304,"log_rev":6.9868,"id":"1688"},{"film":"Woodstock","revenue":34505110,"budget":600000,"language":"en","popularity":7419,"vote.average":7.5,"vote.count":136,"release.date":"1970-03-26","genre":99,"certification":"R","genre_txt":"Documentary","year":1970,"lustrum":"70-74","decade":"70-79","log_budget":5.7782,"log_rev":7.5379,"id":"9459"},{"film":"The Towering Inferno","revenue":116000000,"budget":14000000,"language":"en","popularity":7383,"vote.average":7.1,"vote.count":456,"release.date":"1974-12-14","genre":28,"certification":"PG","genre_txt":"Action","year":1974,"lustrum":"70-74","decade":"70-79","log_budget":7.1461,"log_rev":8.0645,"id":"5919"},{"film":"Prince of Darkness","revenue":14182492,"budget":3000000,"language":"en","popularity":7376,"vote.average":6.8,"vote.count":432,"release.date":"1987-10-23","genre":27,"genre_txt":"Horror","year":1987,"lustrum":"85-89","decade":"80-89","log_budget":6.4771,"log_rev":7.1518,"id":"8852"},{"film":"Double Impact","revenue":30102717,"budget":15000000,"language":"en","popularity":7355,"vote.average":5.6,"vote.count":449,"release.date":"1991-07-31","genre":28,"certification":"R","genre_txt":"Action","year":1991,"lustrum":"90-94","decade":"90-99","log_budget":7.1761,"log_rev":7.4786,"id":"9594"},{"film":"Chariots of Fire","revenue":58972904,"budget":5500000,"language":"en","popularity":7352,"vote.average":7,"vote.count":438,"release.date":"1981-05-15","genre":18,"certification":"PG","genre_txt":"Drama","year":1981,"lustrum":"80-84","decade":"80-89","log_budget":6.7404,"log_rev":7.7707,"id":"9443"},{"film":"Videodrome","revenue":2120439,"budget":5952000,"language":"en","popularity":7348,"vote.average":7.3,"vote.count":1064,"release.date":"1983-02-04","genre":27,"certification":"R","genre_txt":"Horror","year":1983,"lustrum":"80-84","decade":"80-89","log_budget":6.7747,"log_rev":6.3264,"id":"837"},{"film":"Paris Texas","revenue":2181987,"budget":1746964,"language":"en","popularity":7341,"vote.average":8.1,"vote.count":689,"release.date":"1984-05-19","genre":18,"certification":"R","genre_txt":"Drama","year":1984,"lustrum":"80-84","decade":"80-89","log_budget":6.2423,"log_rev":6.3389,"id":"655"},{"film":"Battle for the Planet of the Apes","revenue":8844595,"budget":1700000,"language":"en","popularity":7338,"vote.average":5.7,"vote.count":415,"release.date":"1973-06-15","genre":28,"certification":"G","genre_txt":"Action","year":1973,"lustrum":"70-74","decade":"70-79","log_budget":6.2304,"log_rev":6.9467,"id":"1705"},{"film":"Piranha","revenue":16000000,"budget":660000,"language":"en","popularity":7217,"vote.average":5.8,"vote.count":279,"release.date":"1978-08-03","genre":35,"certification":"R","genre_txt":"Comedy","year":1978,"lustrum":"75-79","decade":"70-79","log_budget":5.8195,"log_rev":7.2041,"id":"24831"},{"film":"Phantasm","revenue":11988469,"budget":300000,"language":"en","popularity":7129,"vote.average":6.6,"vote.count":322,"release.date":"1979-05-03","genre":27,"certification":"R","genre_txt":"Horror","year":1979,"lustrum":"75-79","decade":"70-79","log_budget":5.4771,"log_rev":7.0788,"id":"9638"},{"film":"Mean Streets","revenue":3000000,"budget":500000,"language":"en","popularity":7101,"vote.average":7.2,"vote.count":1051,"release.date":"1973-10-02","genre":80,"certification":"R","genre_txt":"Crime","year":1973,"lustrum":"70-74","decade":"70-79","log_budget":5.699,"log_rev":6.4771,"id":"203"},{"film":"Witness","revenue":68706993,"budget":12000000,"language":"en","popularity":7063,"vote.average":7.1,"vote.count":800,"release.date":"1985-02-08","genre":80,"certification":"R","genre_txt":"Crime","year":1985,"lustrum":"85-89","decade":"80-89","log_budget":7.0792,"log_rev":7.837,"id":"9281"},{"film":"Shine","revenue":35892330,"budget":5500000,"language":"en","popularity":7003,"vote.average":7.4,"vote.count":336,"release.date":"1996-08-15","genre":18,"certification":"PG-13","genre_txt":"Drama","year":1996,"lustrum":"95-99","decade":"90-99","log_budget":6.7404,"log_rev":7.555,"id":"7863"},{"film":"Death on the Nile","revenue":14560084,"budget":7920000,"language":"en","popularity":6963,"vote.average":7,"vote.count":296,"release.date":"1978-10-06","genre":9648,"genre_txt":"Mystery","year":1978,"lustrum":"75-79","decade":"70-79","log_budget":6.8987,"log_rev":7.1632,"id":"4192"},{"film":"Fiddler on the Roof","revenue":83304330,"budget":9000000,"language":"en","popularity":6933,"vote.average":7.7,"vote.count":257,"release.date":"1971-11-03","genre":18,"certification":"G","genre_txt":"Drama","year":1971,"lustrum":"70-74","decade":"70-79","log_budget":6.9542,"log_rev":7.9207,"id":"14811"},{"film":"Escape from the Planet of the Apes","revenue":12348905,"budget":2500000,"language":"en","popularity":6922,"vote.average":6.4,"vote.count":505,"release.date":"1971-05-20","genre":28,"certification":"G","genre_txt":"Action","year":1971,"lustrum":"70-74","decade":"70-79","log_budget":6.3979,"log_rev":7.0916,"id":"1687"},{"film":"The Long Goodbye","revenue":959000,"budget":1700000,"language":"en","popularity":6894,"vote.average":7.5,"vote.count":264,"release.date":"1973-03-07","genre":53,"certification":"R","genre_txt":"Thriller","year":1973,"lustrum":"70-74","decade":"70-79","log_budget":6.2304,"log_rev":5.9818,"id":"1847"},{"film":"Nashville","revenue":10,"budget":2200000,"language":"en","popularity":6883,"vote.average":7.4,"vote.count":179,"release.date":"1975-06-11","genre":18,"certification":"R","genre_txt":"Drama","year":1975,"lustrum":"75-79","decade":"70-79","log_budget":6.3424,"log_rev":1,"id":"3121"},{"film":"Death Wish","revenue":22000000,"budget":3000000,"language":"en","popularity":6818,"vote.average":6.9,"vote.count":362,"release.date":"1974-07-24","genre":28,"certification":"R","genre_txt":"Action","year":1974,"lustrum":"70-74","decade":"70-79","log_budget":6.4771,"log_rev":7.3424,"id":"13939"},{"film":"Orca The Killer Whale","revenue":14717854,"budget":6000000,"language":"en","popularity":6782,"vote.average":6,"vote.count":167,"release.date":"1977-07-22","genre":12,"certification":"PG","genre_txt":"Adventure","year":1977,"lustrum":"75-79","decade":"70-79","log_budget":6.7782,"log_rev":7.1678,"id":"12707"},{"film":"New York New York","revenue":16400000,"budget":14000000,"language":"en","popularity":6739,"vote.average":6.6,"vote.count":211,"release.date":"1977-06-21","genre":18,"genre_txt":"Drama","year":1977,"lustrum":"75-79","decade":"70-79","log_budget":7.1461,"log_rev":7.2148,"id":"12637"},{"film":"Family Plot","revenue":7900000,"budget":2000000,"language":"en","popularity":6722,"vote.average":6.8,"vote.count":184,"release.date":"1976-04-09","genre":35,"certification":"PG","genre_txt":"Comedy","year":1976,"lustrum":"75-79","decade":"70-79","log_budget":6.301,"log_rev":6.8976,"id":"5854"},{"film":"Interiors","revenue":10400000,"budget":10000000,"language":"en","popularity":6709,"vote.average":6.9,"vote.count":184,"release.date":"1978-08-02","genre":18,"certification":"PG","genre_txt":"Drama","year":1978,"lustrum":"75-79","decade":"70-79","log_budget":7,"log_rev":7.017,"id":"15867"},{"film":"Wizards","revenue":9000000,"budget":1200000,"language":"en","popularity":6617,"vote.average":6.5,"vote.count":95,"release.date":"1977-02-09","genre":16,"certification":"PG","genre_txt":"Animation","year":1977,"lustrum":"75-79","decade":"70-79","log_budget":6.0792,"log_rev":6.9542,"id":"16220"},{"film":"Airport 77","revenue":30000000,"budget":6000000,"language":"en","popularity":6582,"vote.average":5.7,"vote.count":126,"release.date":"1977-03-11","genre":28,"certification":"PG","genre_txt":"Action","year":1977,"lustrum":"75-79","decade":"70-79","log_budget":6.7782,"log_rev":7.4771,"id":"7227"},{"film":"Sorcerer","revenue":9000000,"budget":12000000,"language":"en","popularity":6575,"vote.average":7.5,"vote.count":193,"release.date":"1977-06-24","genre":12,"certification":"PG","genre_txt":"Adventure","year":1977,"lustrum":"75-79","decade":"70-79","log_budget":7.0792,"log_rev":6.9542,"id":"38985"},{"film":"Eyes of Laura Mars","revenue":20000000,"budget":7000000,"language":"en","popularity":6558,"vote.average":5.8,"vote.count":96,"release.date":"1978-08-02","genre":18,"certification":"R","genre_txt":"Drama","year":1978,"lustrum":"75-79","decade":"70-79","log_budget":6.8451,"log_rev":7.301,"id":"29143"},{"film":"The Killing Fields","revenue":34700291,"budget":14400000,"language":"en","popularity":6544,"vote.average":7.6,"vote.count":347,"release.date":"1984-11-02","genre":18,"certification":"R","genre_txt":"Drama","year":1984,"lustrum":"80-84","decade":"80-89","log_budget":7.1584,"log_rev":7.5403,"id":"625"},{"film":"Beyond the Valley of the Dolls","revenue":40000000,"budget":2090000,"language":"en","popularity":6483,"vote.average":6.5,"vote.count":101,"release.date":"1970-07-17","genre":35,"genre_txt":"Comedy","year":1970,"lustrum":"70-74","decade":"70-79","log_budget":6.3201,"log_rev":7.6021,"id":"5722"},{"film":"Death Race 2000","revenue":8000000,"budget":300000,"language":"en","popularity":6476,"vote.average":6.1,"vote.count":230,"release.date":"1975-04-27","genre":28,"certification":"R","genre_txt":"Action","year":1975,"lustrum":"75-79","decade":"70-79","log_budget":5.4771,"log_rev":6.9031,"id":"13282"},{"film":"The Cat o Nine Tails","revenue":1204739,"budget":1000000,"language":"it","popularity":6304,"vote.average":6.7,"vote.count":175,"release.date":"1971-02-12","genre":27,"genre_txt":"Horror","year":1971,"lustrum":"70-74","decade":"70-79","log_budget":6,"log_rev":6.0809,"id":"27431"},{"film":"The Avengers","revenue":48585416,"budget":60000000,"language":"en","popularity":6279,"vote.average":4.3,"vote.count":394,"release.date":"1998-08-13","genre":53,"certification":"PG-13","genre_txt":"Thriller","year":1998,"lustrum":"95-99","decade":"90-99","log_budget":7.7782,"log_rev":7.6865,"id":"9320"},{"film":"The Concorde Airport 79","revenue":13015688,"budget":14000000,"language":"en","popularity":6204,"vote.average":4.7,"vote.count":80,"release.date":"1979-08-17","genre":28,"certification":"PG","genre_txt":"Action","year":1979,"lustrum":"75-79","decade":"70-79","log_budget":7.1461,"log_rev":7.1145,"id":"29723"},{"film":"Starman","revenue":28744356,"budget":22000000,"language":"en","popularity":6165,"vote.average":6.8,"vote.count":410,"release.date":"1984-12-13","genre":10749,"certification":"PG","genre_txt":"Romance","year":1984,"lustrum":"80-84","decade":"80-89","log_budget":7.3424,"log_rev":7.4586,"id":"9663"},{"film":"Dragonslayer","revenue":14110013,"budget":18000000,"language":"en","popularity":6104,"vote.average":6.5,"vote.count":136,"release.date":"1981-06-26","genre":14,"certification":"PG","genre_txt":"Fantasy","year":1981,"lustrum":"80-84","decade":"80-89","log_budget":7.2553,"log_rev":7.1495,"id":"848"},{"film":"The Getaway","revenue":58831997,"budget":3352254,"language":"en","popularity":6101,"vote.average":7.1,"vote.count":252,"release.date":"1972-09-20","genre":28,"certification":"PG","genre_txt":"Action","year":1972,"lustrum":"70-74","decade":"70-79","log_budget":6.5253,"log_rev":7.7696,"id":"5916"},{"film":"And Now for Something Completely Different","revenue":7000,"budget":100000,"language":"en","popularity":5836,"vote.average":7.3,"vote.count":272,"release.date":"1971-09-28","genre":35,"certification":"PG","genre_txt":"Comedy","year":1971,"lustrum":"70-74","decade":"70-79","log_budget":5,"log_rev":3.8451,"id":"9267"},{"film":"The Last Picture Show","revenue":29133000,"budget":1300000,"language":"en","popularity":5834,"vote.average":7.8,"vote.count":293,"release.date":"1971-10-03","genre":18,"certification":"R","genre_txt":"Drama","year":1971,"lustrum":"70-74","decade":"70-79","log_budget":6.1139,"log_rev":7.4644,"id":"25188"},{"film":"The Sugarland Express","revenue":12800000,"budget":3000000,"language":"en","popularity":5782,"vote.average":6.6,"vote.count":165,"release.date":"1974-04-05","genre":80,"certification":"PG","genre_txt":"Crime","year":1974,"lustrum":"70-74","decade":"70-79","log_budget":6.4771,"log_rev":7.1072,"id":"5121"},{"film":"Whats Up Doc","revenue":66000000,"budget":4000000,"language":"en","popularity":5659,"vote.average":7.3,"vote.count":141,"release.date":"1972-03-09","genre":35,"certification":"G","genre_txt":"Comedy","year":1972,"lustrum":"70-74","decade":"70-79","log_budget":6.6021,"log_rev":7.8195,"id":"6949"},{"film":"Black Christmas","revenue":4053000,"budget":620000,"language":"en","popularity":5536,"vote.average":6.9,"vote.count":314,"release.date":"1974-10-11","genre":27,"certification":"R","genre_txt":"Horror","year":1974,"lustrum":"70-74","decade":"70-79","log_budget":5.7924,"log_rev":6.6078,"id":"16938"},{"film":"The Private Life of Sherlock Holmes","revenue":1500000,"budget":10000000,"language":"en","popularity":5439,"vote.average":7,"vote.count":135,"release.date":"1970-10-29","genre":12,"certification":"PG-13","genre_txt":"Adventure","year":1970,"lustrum":"70-74","decade":"70-79","log_budget":7,"log_rev":6.1761,"id":"5185"},{"film":"The Ballad of Cable Hogue","revenue":5000000,"budget":3716946,"language":"en","popularity":5261,"vote.average":7.1,"vote.count":93,"release.date":"1970-05-13","genre":28,"certification":"R","genre_txt":"Action","year":1970,"lustrum":"70-74","decade":"70-79","log_budget":6.5702,"log_rev":6.699,"id":"23330"},{"film":"Knives Out","revenue":163700000,"budget":40000000,"language":"en","popularity":96.02,"vote.average":7.8,"vote.count":2670,"release.date":"2019-11-27","genre":35,"certification":"PG-13","genre_txt":"Comedy","year":2019,"lustrum":"14-19","decade":"10-19","log_budget":7.6021,"log_rev":8.214,"id":"546554"},{"film":"Charlies Angels","revenue":70960003,"budget":48000000,"language":"en","popularity":59.7,"vote.average":6.5,"vote.count":642,"release.date":"2019-11-14","genre":28,"certification":"PG-13","genre_txt":"Action","year":2019,"lustrum":"14-19","decade":"10-19","log_budget":7.6812,"log_rev":7.851,"id":"458897"},{"film":"Doctor Sleep","revenue":72281712,"budget":45000000,"language":"en","popularity":41.78,"vote.average":7.1,"vote.count":1201,"release.date":"2019-10-30","genre":27,"certification":"R","genre_txt":"Horror","year":2019,"lustrum":"14-19","decade":"10-19","log_budget":7.6532,"log_rev":7.859,"id":"501170"},{"film":"Rambo Last Blood","revenue":91490353,"budget":50000000,"language":"en","popularity":32.76,"vote.average":6,"vote.count":1302,"release.date":"2019-09-19","genre":28,"certification":"R","genre_txt":"Action","year":2019,"lustrum":"14-19","decade":"10-19","log_budget":7.699,"log_rev":7.9614,"id":"522938"},{"film":"Dracula Untold","revenue":217124280,"budget":70000000,"language":"en","popularity":28.1,"vote.average":6.3,"vote.count":4096,"release.date":"2014-10-01","genre":28,"certification":"PG-13","genre_txt":"Action","year":2014,"lustrum":"10-14","decade":"10-19","log_budget":7.8451,"log_rev":8.3367,"id":"49017"},{"film":"Despicable Me 2","revenue":970761885,"budget":76000000,"language":"en","popularity":27.66,"vote.average":6.9,"vote.count":8005,"release.date":"2013-06-25","genre":16,"certification":"PG","genre_txt":"Animation","year":2013,"lustrum":"10-14","decade":"10-19","log_budget":7.8808,"log_rev":8.9871,"id":"93456"},{"film":"Alien","revenue":104931801,"budget":11000000,"language":"en","popularity":23.4,"vote.average":8.1,"vote.count":8567,"release.date":"1979-05-25","genre":27,"certification":"R","genre_txt":"Horror","year":1979,"lustrum":"75-79","decade":"70-79","log_budget":7.0414,"log_rev":8.0209,"id":"348"},{"film":"Se7en","revenue":327311859,"budget":33000000,"language":"en","popularity":21.9,"vote.average":8.3,"vote.count":12202,"release.date":"1995-09-22","genre":80,"certification":"R","genre_txt":"Crime","year":1995,"lustrum":"95-99","decade":"90-99","log_budget":7.5185,"log_rev":8.515,"id":"807"},{"film":"World War Z","revenue":531865000,"budget":200000000,"language":"en","popularity":21.02,"vote.average":6.7,"vote.count":10113,"release.date":"2013-06-20","genre":28,"certification":"PG-13","genre_txt":"Action","year":2013,"lustrum":"10-14","decade":"10-19","log_budget":8.301,"log_rev":8.7258,"id":"72190"},{"film":"V for Vendetta","revenue":132511035,"budget":54000000,"language":"en","popularity":20.85,"vote.average":7.9,"vote.count":9156,"release.date":"2006-02-23","genre":28,"certification":"R","genre_txt":"Action","year":2006,"lustrum":"05-09","decade":"00-09","log_budget":7.7324,"log_rev":8.1223,"id":"752"},{"film":"No Country for Old Men","revenue":171627166,"budget":25000000,"language":"en","popularity":20.41,"vote.average":7.9,"vote.count":6790,"release.date":"2007-11-08","genre":80,"certification":"R","genre_txt":"Crime","year":2007,"lustrum":"05-09","decade":"00-09","log_budget":7.3979,"log_rev":8.2346,"id":"6977"},{"film":"Shrek","revenue":484409218,"budget":60000000,"language":"en","popularity":19.41,"vote.average":7.6,"vote.count":9916,"release.date":"2001-05-16","genre":12,"certification":"PG","genre_txt":"Adventure","year":2001,"lustrum":"00-04","decade":"00-09","log_budget":7.7782,"log_rev":8.6852,"id":"808"},{"film":"Mr  Mrs Smith","revenue":478207520,"budget":110000000,"language":"en","popularity":18.58,"vote.average":6.6,"vote.count":6472,"release.date":"2005-06-07","genre":28,"certification":"PG-13","genre_txt":"Action","year":2005,"lustrum":"05-09","decade":"00-09","log_budget":8.0414,"log_rev":8.6796,"id":"787"},{"film":"Memento","revenue":39723096,"budget":9000000,"language":"en","popularity":18.39,"vote.average":8.2,"vote.count":8888,"release.date":"2000-10-11","genre":9648,"certification":"R","genre_txt":"Mystery","year":2000,"lustrum":"00-04","decade":"00-09","log_budget":6.9542,"log_rev":7.599,"id":"77"},{"film":"Cars 2","revenue":559852396,"budget":200000000,"language":"en","popularity":17.48,"vote.average":5.9,"vote.count":4622,"release.date":"2011-06-11","genre":16,"certification":"G","genre_txt":"Animation","year":2011,"lustrum":"10-14","decade":"10-19","log_budget":8.301,"log_rev":8.7481,"id":"49013"},{"film":"8 Mile","revenue":242875078,"budget":41000000,"language":"en","popularity":17.13,"vote.average":7,"vote.count":3999,"release.date":"2002-11-08","genre":18,"certification":"R","genre_txt":"Drama","year":2002,"lustrum":"00-04","decade":"00-09","log_budget":7.6128,"log_rev":8.3854,"id":"65"},{"film":"DÃƒÂ©jÃƒÂ  Vu","revenue":180557550,"budget":75000000,"language":"en","popularity":17.08,"vote.average":6.8,"vote.count":2834,"release.date":"2006-11-22","genre":28,"certification":"PG-13","genre_txt":"Action","year":2006,"lustrum":"05-09","decade":"00-09","log_budget":7.8751,"log_rev":8.2566,"id":"7551"},{"film":"Dirty Dancing","revenue":213893795,"budget":6000000,"language":"en","popularity":17.02,"vote.average":7.3,"vote.count":3587,"release.date":"1987-08-21","genre":18,"certification":"PG-13","genre_txt":"Drama","year":1987,"lustrum":"85-89","decade":"80-89","log_budget":6.7782,"log_rev":8.3302,"id":"88"},{"film":"Conan the Barbarian","revenue":79114085,"budget":20000000,"language":"en","popularity":15.69,"vote.average":6.7,"vote.count":1319,"release.date":"1982-04-02","genre":28,"certification":"R","genre_txt":"Action","year":1982,"lustrum":"80-84","decade":"80-89","log_budget":7.301,"log_rev":7.8983,"id":"9387"},{"film":"Step Up","revenue":114194847,"budget":12000000,"language":"en","popularity":15.29,"vote.average":6.9,"vote.count":2509,"release.date":"2006-08-11","genre":80,"certification":"PG-13","genre_txt":"Crime","year":2006,"lustrum":"05-09","decade":"00-09","log_budget":7.0792,"log_rev":8.0576,"id":"9762"},{"film":"From Dusk Till Dawn","revenue":25836616,"budget":19000000,"language":"en","popularity":15.04,"vote.average":7,"vote.count":3494,"release.date":"1996-01-19","genre":28,"certification":"R","genre_txt":"Action","year":1996,"lustrum":"95-99","decade":"90-99","log_budget":7.2788,"log_rev":7.4122,"id":"755"},{"film":"The Lovely Bones","revenue":93525586,"budget":65000000,"language":"en","popularity":14.79,"vote.average":6.9,"vote.count":2554,"release.date":"2009-12-26","genre":18,"certification":"PG-13","genre_txt":"Drama","year":2009,"lustrum":"05-09","decade":"00-09","log_budget":7.8129,"log_rev":7.9709,"id":"7980"},{"film":"Austin Powers in Goldmember","revenue":296655431,"budget":63000000,"language":"en","popularity":14.77,"vote.average":5.9,"vote.count":1950,"release.date":"2002-07-26","genre":35,"certification":"PG-13","genre_txt":"Comedy","year":2002,"lustrum":"00-04","decade":"00-09","log_budget":7.7993,"log_rev":8.4723,"id":"818"},{"film":"Dog Day Afternoon","revenue":46665856,"budget":1800000,"language":"en","popularity":13.97,"vote.average":7.8,"vote.count":1485,"release.date":"1975-08-11","genre":80,"certification":"R","genre_txt":"Crime","year":1975,"lustrum":"75-79","decade":"70-79","log_budget":6.2553,"log_rev":7.669,"id":"968"},{"film":"Life of Brian","revenue":20045115,"budget":4000000,"language":"en","popularity":13.08,"vote.average":7.8,"vote.count":2472,"release.date":"1979-08-17","genre":35,"certification":"R","genre_txt":"Comedy","year":1979,"lustrum":"75-79","decade":"70-79","log_budget":6.6021,"log_rev":7.302,"id":"583"},{"film":"Beverly Hills Cop II","revenue":299965036,"budget":20000000,"language":"en","popularity":13.03,"vote.average":6.4,"vote.count":1266,"release.date":"1987-05-18","genre":28,"certification":"R","genre_txt":"Action","year":1987,"lustrum":"85-89","decade":"80-89","log_budget":7.301,"log_rev":8.4771,"id":"96"},{"film":"Jerry Maguire","revenue":273552592,"budget":50000000,"language":"en","popularity":12.79,"vote.average":6.9,"vote.count":1831,"release.date":"1996-12-13","genre":35,"certification":"R","genre_txt":"Comedy","year":1996,"lustrum":"95-99","decade":"90-99","log_budget":7.699,"log_rev":8.437,"id":"9390"},{"film":"Evil Dead II","revenue":5923044,"budget":3600000,"language":"en","popularity":12.59,"vote.average":7.6,"vote.count":1558,"release.date":"1987-03-13","genre":35,"certification":"R","genre_txt":"Comedy","year":1987,"lustrum":"85-89","decade":"80-89","log_budget":6.5563,"log_rev":6.7725,"id":"765"},{"film":"Dirty Harry","revenue":35976000,"budget":10000000,"language":"en","popularity":12.41,"vote.average":7.5,"vote.count":1207,"release.date":"1971-12-21","genre":28,"certification":"R","genre_txt":"Action","year":1971,"lustrum":"70-74","decade":"70-79","log_budget":7,"log_rev":7.556,"id":"984"},{"film":"Blue Velvet","revenue":8551228,"budget":6000000,"language":"en","popularity":12.36,"vote.average":7.7,"vote.count":1708,"release.date":"1986-08-01","genre":80,"certification":"R","genre_txt":"Crime","year":1986,"lustrum":"85-89","decade":"80-89","log_budget":6.7782,"log_rev":6.932,"id":"793"},{"film":"Sleepers","revenue":165615285,"budget":44000000,"language":"en","popularity":12.01,"vote.average":7.5,"vote.count":1624,"release.date":"1996-10-18","genre":80,"certification":"R","genre_txt":"Crime","year":1996,"lustrum":"95-99","decade":"90-99","log_budget":7.6435,"log_rev":8.2191,"id":"819"},{"film":"Assassins","revenue":30303072,"budget":50000000,"language":"en","popularity":10.7,"vote.average":6.2,"vote.count":776,"release.date":"1995-10-06","genre":28,"certification":"R","genre_txt":"Action","year":1995,"lustrum":"95-99","decade":"90-99","log_budget":7.699,"log_rev":7.4815,"id":"9691"},{"film":"Willow","revenue":57269863,"budget":35000000,"language":"en","popularity":10.64,"vote.average":7,"vote.count":964,"release.date":"1988-05-01","genre":28,"certification":"PG","genre_txt":"Action","year":1988,"lustrum":"85-89","decade":"80-89","log_budget":7.5441,"log_rev":7.7579,"id":"847"},{"film":"Before Sunrise","revenue":5535405,"budget":2500000,"language":"en","popularity":10.58,"vote.average":7.9,"vote.count":2090,"release.date":"1995-01-27","genre":18,"certification":"R","genre_txt":"Drama","year":1995,"lustrum":"95-99","decade":"90-99","log_budget":6.3979,"log_rev":6.7431,"id":"76"},{"film":"Kiss the Girls","revenue":60527873,"budget":27000000,"language":"en","popularity":10.23,"vote.average":6.4,"vote.count":719,"release.date":"1997-09-29","genre":80,"certification":"R","genre_txt":"Crime","year":1997,"lustrum":"95-99","decade":"90-99","log_budget":7.4314,"log_rev":7.782,"id":"9437"},{"film":"Brotherhood of the Wolf","revenue":70752904,"budget":29000000,"language":"fr","popularity":10.03,"vote.average":6.6,"vote.count":791,"release.date":"2001-01-31","genre":28,"certification":"R","genre_txt":"Action","year":2001,"lustrum":"00-04","decade":"00-09","log_budget":7.4624,"log_rev":7.8497,"id":"6312"},{"film":"Ultraviolet","revenue":31070211,"budget":30000000,"language":"en","popularity":9.94,"vote.average":5,"vote.count":852,"release.date":"2006-03-03","genre":28,"certification":"PG-13","genre_txt":"Action","year":2006,"lustrum":"05-09","decade":"00-09","log_budget":7.4771,"log_rev":7.4923,"id":"9920"},{"film":"The Last Emperor","revenue":43984230,"budget":23000000,"language":"en","popularity":9.81,"vote.average":7.6,"vote.count":805,"release.date":"1987-10-21","genre":18,"certification":"PG-13","genre_txt":"Drama","year":1987,"lustrum":"85-89","decade":"80-89","log_budget":7.3617,"log_rev":7.6433,"id":"746"},{"film":"Conan the Destroyer","revenue":31042035,"budget":18000000,"language":"en","popularity":9.73,"vote.average":6,"vote.count":780,"release.date":"1984-06-29","genre":12,"certification":"PG","genre_txt":"Adventure","year":1984,"lustrum":"80-84","decade":"80-89","log_budget":7.2553,"log_rev":7.492,"id":"9610"},{"film":"Lolita","revenue":1060056,"budget":62000000,"language":"en","popularity":9.25,"vote.average":7.1,"vote.count":720,"release.date":"1997-09-27","genre":18,"certification":"R","genre_txt":"Drama","year":1997,"lustrum":"95-99","decade":"90-99","log_budget":7.7924,"log_rev":6.0253,"id":"9769"},{"film":"Collateral Damage","revenue":78382433,"budget":85000000,"language":"en","popularity":9.04,"vote.average":5.6,"vote.count":763,"release.date":"2002-02-06","genre":28,"certification":"R","genre_txt":"Action","year":2002,"lustrum":"00-04","decade":"00-09","log_budget":7.9294,"log_rev":7.8942,"id":"9884"},{"film":"The Witches of Eastwick","revenue":63766510,"budget":22000000,"language":"en","popularity":8.76,"vote.average":6.4,"vote.count":707,"release.date":"1987-06-12","genre":35,"certification":"R","genre_txt":"Comedy","year":1987,"lustrum":"85-89","decade":"80-89","log_budget":7.3424,"log_rev":7.8046,"id":"6069"},{"film":"Friday the 13th The Final Chapter","revenue":32980880,"budget":2600000,"language":"en","popularity":8.5,"vote.average":5.9,"vote.count":590,"release.date":"1984-04-13","genre":27,"certification":"R","genre_txt":"Horror","year":1984,"lustrum":"80-84","decade":"80-89","log_budget":6.415,"log_rev":7.5183,"id":"9730"},{"film":"Friday the 13th A New Beginning","revenue":21930418,"budget":2200000,"language":"en","popularity":8.49,"vote.average":5.1,"vote.count":511,"release.date":"1985-03-22","genre":27,"certification":"R","genre_txt":"Horror","year":1985,"lustrum":"85-89","decade":"80-89","log_budget":6.3424,"log_rev":7.341,"id":"9731"},{"film":"Frenzy","revenue":12600000,"budget":3500000,"language":"en","popularity":7.15,"vote.average":7.1,"vote.count":378,"release.date":"1972-05-25","genre":80,"certification":"R","genre_txt":"Crime","year":1972,"lustrum":"70-74","decade":"70-79","log_budget":6.5441,"log_rev":7.1004,"id":"573"},{"film":"Zabriskie Point","revenue":1000000,"budget":7000000,"language":"en","popularity":6.8,"vote.average":7.2,"vote.count":204,"release.date":"1970-02-09","genre":18,"certification":"R","genre_txt":"Drama","year":1970,"lustrum":"70-74","decade":"70-79","log_budget":6.8451,"log_rev":6,"id":"2998"},{"film":"Pink Flamingos","revenue":6000000,"budget":12000,"language":"en","popularity":6.61,"vote.average":6.5,"vote.count":233,"release.date":"1972-03-12","genre":35,"certification":"NC-17","genre_txt":"Comedy","year":1972,"lustrum":"70-74","decade":"70-79","log_budget":4.0792,"log_rev":6.7782,"id":"692"},{"film":"A Star Is Born","revenue":80000000,"budget":6000000,"language":"en","popularity":6.13,"vote.average":5.9,"vote.count":98,"release.date":"1976-12-16","genre":18,"certification":"R","genre_txt":"Drama","year":1976,"lustrum":"75-79","decade":"70-79","log_budget":6.7782,"log_rev":7.9031,"id":"19610"},{"film":"The Longest Yard","revenue":43008075,"budget":2900000,"language":"en","popularity":6.06,"vote.average":6.7,"vote.count":129,"release.date":"1974-08-21","genre":35,"certification":"R","genre_txt":"Comedy","year":1974,"lustrum":"70-74","decade":"70-79","log_budget":6.4624,"log_rev":7.6336,"id":"4985"},{"film":"The Cowboys","revenue":7500000,"budget":6000000,"language":"en","popularity":5.38,"vote.average":7.1,"vote.count":116,"release.date":"1972-01-13","genre":28,"certification":"PG","genre_txt":"Action","year":1972,"lustrum":"70-74","decade":"70-79","log_budget":6.7782,"log_rev":6.8751,"id":"15573"}]
