[{"id":"Genre"},{"film":"Action","genre_txt":"Genre","id":"Action"},{"film":"Adventure","genre_txt":"Genre","id":"Adventure"},{"film":"Animation","genre_txt":"Genre","id":"Animation"},{"film":"Comedy","genre_txt":"Genre","id":"Comedy"},{"film":"Crime","genre_txt":"Genre","id":"Crime"},{"film":"Documentary","genre_txt":"Genre","id":"Documentary"},{"film":"Drama","genre_txt":"Genre","id":"Drama"},{"film":"Family","genre_txt":"Genre","id":"Family"},{"film":"Fantasy","genre_txt":"Genre","id":"Fantasy"},{"film":"History","genre_txt":"Genre","id":"History"},{"film":"Horror","genre_txt":"Genre","id":"Horror"},{"film":"Music","genre_txt":"Genre","id":"Music"},{"film":"Mystery","genre_txt":"Genre","id":"Mystery"},{"film":"Romance","genre_txt":"Genre","id":"Romance"},{"film":"Science Fiction","genre_txt":"Genre","id":"Science Fiction"},{"film":"Thriller","genre_txt":"Genre","id":"Thriller"},{"film":"TV Movie","genre_txt":"Genre","id":"TV Movie"},{"film":"War","genre_txt":"Genre","id":"War"},{"film":"Western","genre_txt":"Genre","id":"Western"},{"X.1":1,"film":"Mission Impossible  Fallout","revenue":791017452,"budget":178000000,"language":"en","popularity":282111,"vote.average":7.3,"vote.count":4675,"release.date":"2018-07-13","genre":28,"certification":"PG-13","genre_txt":"Action","year":2018,"lustrum":"14-19","decade":"10-19","log_budget":8.2504,"log_rev":8.8982,"id":"353081","pop_cat":"High","rating_cat":"Middle","rev_mill":791.02},{"X.1":2,"film":"Avengers Endgame","revenue":2797800564,"budget":356000000,"language":"en","popularity":249108,"vote.average":8.3,"vote.count":11544,"release.date":"2019-04-24","genre":28,"certification":"PG-13","genre_txt":"Action","year":2019,"lustrum":"14-19","decade":"10-19","log_budget":8.5514,"log_rev":9.4468,"id":"299534","pop_cat":"High","rating_cat":"High","rev_mill":2797.8},{"X.1":3,"film":"Ad Astra","revenue":127175922,"budget":87500000,"language":"en","popularity":240551,"vote.average":6,"vote.count":2555,"release.date":"2019-09-17","genre":12,"certification":"PG-13","genre_txt":"Adventure","year":2019,"lustrum":"14-19","decade":"10-19","log_budget":7.942,"log_rev":8.1044,"id":"419704","pop_cat":"High","rating_cat":"Middle","rev_mill":127.18},{"X.1":4,"film":"Jumanji The Next Level","revenue":310830000,"budget":125000000,"language":"en","popularity":215054,"vote.average":6.8,"vote.count":2199,"release.date":"2019-12-04","genre":28,"certification":"PG-13","genre_txt":"Action","year":2019,"lustrum":"14-19","decade":"10-19","log_budget":8.0969,"log_rev":8.4925,"id":"512200","pop_cat":"High","rating_cat":"Middle","rev_mill":310.83},{"X.1":5,"film":"Frozen II","revenue":1330764959,"budget":33000000,"language":"en","popularity":142657,"vote.average":7.1,"vote.count":2786,"release.date":"2019-11-20","genre":12,"certification":"PG","genre_txt":"Adventure","year":2019,"lustrum":"14-19","decade":"10-19","log_budget":7.5185,"log_rev":9.1241,"id":"330457","pop_cat":"High","rating_cat":"Middle","rev_mill":1330.76},{"X.1":6,"film":"1917","revenue":364760929,"budget":100000000,"language":"en","popularity":135899,"vote.average":8,"vote.count":3132,"release.date":"2019-12-25","genre":28,"certification":"R","genre_txt":"Action","year":2019,"lustrum":"14-19","decade":"10-19","log_budget":8,"log_rev":8.562,"id":"530915","pop_cat":"High","rating_cat":"High","rev_mill":364.76},{"X.1":7,"film":"13 Hours The Secret Soldiers of Benghazi","revenue":69411370,"budget":50000000,"language":"en","popularity":135265,"vote.average":7.1,"vote.count":1804,"release.date":"2016-01-13","genre":28,"certification":"R","genre_txt":"Action","year":2016,"lustrum":"14-19","decade":"10-19","log_budget":7.699,"log_rev":7.8414,"id":"300671","pop_cat":"High","rating_cat":"Middle","rev_mill":69.41},{"X.1":8,"film":"Parasite","revenue":245924070,"budget":11363000,"language":"ko","popularity":122505,"vote.average":8.6,"vote.count":5057,"release.date":"2019-05-30","genre":35,"certification":"R","genre_txt":"Comedy","year":2019,"lustrum":"14-19","decade":"10-19","log_budget":7.0555,"log_rev":8.3908,"id":"496243","pop_cat":"High","rating_cat":"High","rev_mill":245.92},{"X.1":9,"film":"Captain Marvel","revenue":1128274794,"budget":152000000,"language":"en","popularity":95646,"vote.average":7,"vote.count":8452,"release.date":"2019-03-06","genre":28,"certification":"PG-13","genre_txt":"Action","year":2019,"lustrum":"14-19","decade":"10-19","log_budget":8.1818,"log_rev":9.0524,"id":"299537","pop_cat":"High","rating_cat":"Middle","rev_mill":1128.27},{"X.1":10,"film":"Ford v Ferrari","revenue":220803003,"budget":97600000,"language":"en","popularity":92166,"vote.average":7.8,"vote.count":1807,"release.date":"2019-11-13","genre":28,"certification":"PG-13","genre_txt":"Action","year":2019,"lustrum":"14-19","decade":"10-19","log_budget":7.9894,"log_rev":8.344,"id":"359724","pop_cat":"High","rating_cat":"Middle-High","rev_mill":220.8},{"X.1":11,"film":"Joker","revenue":1074151311,"budget":55000000,"language":"en","popularity":86981,"vote.average":8.2,"vote.count":9743,"release.date":"2019-10-02","genre":80,"certification":"R","genre_txt":"Crime","year":2019,"lustrum":"14-19","decade":"10-19","log_budget":7.7404,"log_rev":9.0311,"id":"475557","pop_cat":"High","rating_cat":"High","rev_mill":1074.15},{"X.1":12,"film":"Avengers Infinity War","revenue":2046239637,"budget":300000000,"language":"en","popularity":58875,"vote.average":8.3,"vote.count":16987,"release.date":"2018-04-25","genre":28,"certification":"PG-13","genre_txt":"Action","year":2018,"lustrum":"14-19","decade":"10-19","log_budget":8.4771,"log_rev":9.311,"id":"299536","pop_cat":"High","rating_cat":"High","rev_mill":2046.24},{"X.1":13,"film":"Zombieland Double Tap","revenue":122801777,"budget":42000000,"language":"en","popularity":53638,"vote.average":6.9,"vote.count":1612,"release.date":"2019-10-09","genre":28,"certification":"R","genre_txt":"Action","year":2019,"lustrum":"14-19","decade":"10-19","log_budget":7.6232,"log_rev":8.0892,"id":"338967","pop_cat":"High","rating_cat":"Middle","rev_mill":122.8},{"X.1":14,"film":"Midway","revenue":123114406,"budget":100000000,"language":"en","popularity":52568,"vote.average":6.7,"vote.count":447,"release.date":"2019-11-06","genre":28,"certification":"PG-13","genre_txt":"Action","year":2019,"lustrum":"14-19","decade":"10-19","log_budget":8,"log_rev":8.0903,"id":"522162","pop_cat":"High","rating_cat":"Middle","rev_mill":123.11},{"X.1":15,"film":"SpiderMan Far from Home","revenue":1131927996,"budget":160000000,"language":"en","popularity":50556,"vote.average":7.5,"vote.count":6189,"release.date":"2019-06-28","genre":28,"certification":"PG-13","genre_txt":"Action","year":2019,"lustrum":"14-19","decade":"10-19","log_budget":8.2041,"log_rev":9.0538,"id":"429617","pop_cat":"High","rating_cat":"Middle-High","rev_mill":1131.93},{"X.1":16,"film":"Jojo Rabbit","revenue":82468705,"budget":14000000,"language":"en","popularity":49582,"vote.average":8.1,"vote.count":2342,"release.date":"2019-10-18","genre":35,"certification":"PG-13","genre_txt":"Comedy","year":2019,"lustrum":"14-19","decade":"10-19","log_budget":7.1461,"log_rev":7.9163,"id":"515001","pop_cat":"High","rating_cat":"High","rev_mill":82.47},{"X.1":17,"film":"The Lion King","revenue":1656943394,"budget":260000000,"language":"en","popularity":48036,"vote.average":7.1,"vote.count":4643,"release.date":"2019-07-12","genre":12,"certification":"PG","genre_txt":"Adventure","year":2019,"lustrum":"14-19","decade":"10-19","log_budget":8.415,"log_rev":9.2193,"id":"420818","pop_cat":"High","rating_cat":"Middle","rev_mill":1656.94},{"X.1":18,"film":"Once Upon a TimeÃ¢Â€Â¦ in Hollywood","revenue":374251247,"budget":95000000,"language":"en","popularity":46961,"vote.average":7.5,"vote.count":4954,"release.date":"2019-07-25","genre":35,"certification":"R","genre_txt":"Comedy","year":2019,"lustrum":"14-19","decade":"10-19","log_budget":7.9777,"log_rev":8.5732,"id":"466272","pop_cat":"High","rating_cat":"Middle-High","rev_mill":374.25},{"X.1":19,"film":"Maleficent Mistress of Evil","revenue":491570967,"budget":85000000,"language":"en","popularity":43945,"vote.average":7.2,"vote.count":2031,"release.date":"2019-10-16","genre":12,"certification":"PG","genre_txt":"Adventure","year":2019,"lustrum":"14-19","decade":"10-19","log_budget":7.9294,"log_rev":8.6916,"id":"420809","pop_cat":"High","rating_cat":"Middle","rev_mill":491.57},{"X.1":20,"film":"Aladdin","revenue":1047612394,"budget":183000000,"language":"en","popularity":43511,"vote.average":7,"vote.count":4994,"release.date":"2019-05-22","genre":12,"certification":"PG","genre_txt":"Adventure","year":2019,"lustrum":"14-19","decade":"10-19","log_budget":8.2625,"log_rev":9.0202,"id":"420817","pop_cat":"High","rating_cat":"Middle","rev_mill":1047.61},{"X.1":21,"film":"Bombshell","revenue":53774397,"budget":32000000,"language":"en","popularity":41811,"vote.average":6.8,"vote.count":514,"release.date":"2019-12-13","genre":18,"certification":"R","genre_txt":"Drama","year":2019,"lustrum":"14-19","decade":"10-19","log_budget":7.5051,"log_rev":7.7306,"id":"525661","pop_cat":"High","rating_cat":"Middle","rev_mill":53.77},{"X.1":22,"film":"Dark Phoenix","revenue":245000000,"budget":200000000,"language":"en","popularity":38722,"vote.average":6,"vote.count":2978,"release.date":"2019-06-05","genre":28,"certification":"PG-13","genre_txt":"Action","year":2019,"lustrum":"14-19","decade":"10-19","log_budget":8.301,"log_rev":8.3892,"id":"320288","pop_cat":"High","rating_cat":"Middle","rev_mill":245},{"X.1":23,"film":"Blade Runner 2049","revenue":259239658,"budget":150000000,"language":"en","popularity":34828,"vote.average":7.4,"vote.count":7775,"release.date":"2017-10-04","genre":18,"certification":"R","genre_txt":"Drama","year":2017,"lustrum":"14-19","decade":"10-19","log_budget":8.1761,"log_rev":8.4137,"id":"335984","pop_cat":"High","rating_cat":"Middle","rev_mill":259.24},{"X.1":24,"film":"SpiderMan Into the SpiderVerse","revenue":375540831,"budget":90000000,"language":"en","popularity":34544,"vote.average":8.4,"vote.count":6495,"release.date":"2018-12-06","genre":28,"certification":"PG","genre_txt":"Action","year":2018,"lustrum":"14-19","decade":"10-19","log_budget":7.9542,"log_rev":8.5747,"id":"324857","pop_cat":"High","rating_cat":"High","rev_mill":375.54},{"X.1":25,"film":"Avatar","revenue":2787965087,"budget":237000000,"language":"en","popularity":33193,"vote.average":7.4,"vote.count":20441,"release.date":"2009-12-10","genre":28,"certification":"PG-13","genre_txt":"Action","year":2009,"lustrum":"05-09","decade":"00-09","log_budget":8.3747,"log_rev":9.4453,"id":"19995","pop_cat":"High","rating_cat":"Middle","rev_mill":2787.97},{"X.1":26,"film":"Angel Has Fallen","revenue":133365452,"budget":40000000,"language":"en","popularity":33006,"vote.average":6.1,"vote.count":1244,"release.date":"2019-08-21","genre":28,"certification":"R","genre_txt":"Action","year":2019,"lustrum":"14-19","decade":"10-19","log_budget":7.6021,"log_rev":8.125,"id":"423204","pop_cat":"High","rating_cat":"Middle","rev_mill":133.37},{"X.1":27,"film":"John Wick Chapter 3  Parabellum","revenue":326699296,"budget":55000000,"language":"en","popularity":31932,"vote.average":7.1,"vote.count":3980,"release.date":"2019-05-15","genre":28,"certification":"R","genre_txt":"Action","year":2019,"lustrum":"14-19","decade":"10-19","log_budget":7.7404,"log_rev":8.5141,"id":"458156","pop_cat":"High","rating_cat":"Middle","rev_mill":326.7},{"X.1":28,"film":"Gemini Man","revenue":173469516,"budget":138000000,"language":"en","popularity":31129,"vote.average":5.9,"vote.count":1522,"release.date":"2019-10-02","genre":28,"certification":"PG-13","genre_txt":"Action","year":2019,"lustrum":"14-19","decade":"10-19","log_budget":8.1399,"log_rev":8.2392,"id":"453405","pop_cat":"High","rating_cat":"Low-middle","rev_mill":173.47},{"X.1":29,"film":"Wonder Woman","revenue":821847012,"budget":149000000,"language":"en","popularity":31047,"vote.average":7.3,"vote.count":13981,"release.date":"2017-05-30","genre":28,"certification":"PG-13","genre_txt":"Action","year":2017,"lustrum":"14-19","decade":"10-19","log_budget":8.1732,"log_rev":8.9148,"id":"297762","pop_cat":"High","rating_cat":"Middle","rev_mill":821.85},{"X.1":30,"film":"Deadpool 2","revenue":741547413,"budget":110000000,"language":"en","popularity":30494,"vote.average":7.5,"vote.count":10558,"release.date":"2018-05-10","genre":28,"certification":"R","genre_txt":"Action","year":2018,"lustrum":"14-19","decade":"10-19","log_budget":8.0414,"log_rev":8.8701,"id":"383498","pop_cat":"High","rating_cat":"Middle-High","rev_mill":741.55},{"X.1":31,"film":"Coco","revenue":800526015,"budget":175000000,"language":"en","popularity":30417,"vote.average":8.2,"vote.count":10415,"release.date":"2017-10-27","genre":16,"certification":"PG","genre_txt":"Animation","year":2017,"lustrum":"14-19","decade":"10-19","log_budget":8.243,"log_rev":8.9034,"id":"354912","pop_cat":"High","rating_cat":"High","rev_mill":800.53},{"X.1":32,"film":"Beauty and the Beast","revenue":1263521126,"budget":160000000,"language":"en","popularity":29497,"vote.average":6.9,"vote.count":11980,"release.date":"2017-03-16","genre":14,"certification":"PG","genre_txt":"Fantasy","year":2017,"lustrum":"14-19","decade":"10-19","log_budget":8.2041,"log_rev":9.1016,"id":"321612","pop_cat":"High","rating_cat":"Middle","rev_mill":1263.52},{"X.1":33,"film":"SpiderMan Homecoming","revenue":880166924,"budget":175000000,"language":"en","popularity":29426,"vote.average":7.4,"vote.count":13523,"release.date":"2017-07-05","genre":28,"certification":"PG-13","genre_txt":"Action","year":2017,"lustrum":"14-19","decade":"10-19","log_budget":8.243,"log_rev":8.9446,"id":"315635","pop_cat":"High","rating_cat":"Middle","rev_mill":880.17},{"X.1":34,"film":"WALLÃÂE","revenue":521311860,"budget":180000000,"language":"en","popularity":29243,"vote.average":8,"vote.count":12117,"release.date":"2008-06-22","genre":16,"certification":"G","genre_txt":"Animation","year":2008,"lustrum":"05-09","decade":"00-09","log_budget":8.2553,"log_rev":8.7171,"id":"10681","pop_cat":"High","rating_cat":"High","rev_mill":521.31},{"X.1":35,"film":"The Addams Family","revenue":200185807,"budget":40000000,"language":"en","popularity":27937,"vote.average":6.2,"vote.count":632,"release.date":"2019-10-10","genre":16,"certification":"PG","genre_txt":"Animation","year":2019,"lustrum":"14-19","decade":"10-19","log_budget":7.6021,"log_rev":8.3014,"id":"481084","pop_cat":"High","rating_cat":"Middle","rev_mill":200.19},{"X.1":36,"film":"Private Lessons","revenue":26279000,"budget":2800000,"language":"en","popularity":27349,"vote.average":5.7,"vote.count":38,"release.date":"1981-08-21","genre":35,"certification":"R","genre_txt":"Comedy","year":1981,"lustrum":"80-84","decade":"80-89","log_budget":6.4472,"log_rev":7.4196,"id":"41280","pop_cat":"High","rating_cat":"Low-middle","rev_mill":26.28},{"X.1":37,"film":"Up","revenue":735099082,"budget":175000000,"language":"en","popularity":27242,"vote.average":7.9,"vote.count":13713,"release.date":"2009-05-28","genre":16,"certification":"PG","genre_txt":"Animation","year":2009,"lustrum":"05-09","decade":"00-09","log_budget":8.243,"log_rev":8.8663,"id":"14160","pop_cat":"High","rating_cat":"Middle-High","rev_mill":735.1},{"X.1":38,"film":"Solo A Star Wars Story","revenue":392952373,"budget":250000000,"language":"en","popularity":26985,"vote.average":6.6,"vote.count":4909,"release.date":"2018-05-15","genre":12,"certification":"PG-13","genre_txt":"Adventure","year":2018,"lustrum":"14-19","decade":"10-19","log_budget":8.3979,"log_rev":8.5943,"id":"348350","pop_cat":"High","rating_cat":"Middle","rev_mill":392.95},{"X.1":39,"film":"AntMan and the Wasp","revenue":622674139,"budget":140000000,"language":"en","popularity":26646,"vote.average":6.9,"vote.count":7762,"release.date":"2018-07-04","genre":28,"certification":"PG-13","genre_txt":"Action","year":2018,"lustrum":"14-19","decade":"10-19","log_budget":8.1461,"log_rev":8.7943,"id":"363088","pop_cat":"High","rating_cat":"Middle","rev_mill":622.67},{"X.1":40,"film":"Beauty and the Beast","revenue":377350553,"budget":25000000,"language":"en","popularity":26606,"vote.average":7.7,"vote.count":6468,"release.date":"1991-11-13","genre":16,"certification":"G","genre_txt":"Animation","year":1991,"lustrum":"90-94","decade":"90-99","log_budget":7.3979,"log_rev":8.5767,"id":"10020","pop_cat":"High","rating_cat":"Middle-High","rev_mill":377.35},{"X.1":41,"film":"Ponyo","revenue":202404009,"budget":41677699,"language":"ja","popularity":26308,"vote.average":7.7,"vote.count":2021,"release.date":"2008-07-19","genre":16,"certification":"G","genre_txt":"Animation","year":2008,"lustrum":"05-09","decade":"00-09","log_budget":7.6199,"log_rev":8.3062,"id":"12429","pop_cat":"High","rating_cat":"Middle-High","rev_mill":202.4},{"X.1":42,"film":"Venom","revenue":855013954,"budget":116000000,"language":"en","popularity":25675,"vote.average":6.6,"vote.count":8064,"release.date":"2018-09-28","genre":28,"certification":"PG-13","genre_txt":"Action","year":2018,"lustrum":"14-19","decade":"10-19","log_budget":8.0645,"log_rev":8.932,"id":"335983","pop_cat":"High","rating_cat":"Middle","rev_mill":855.01},{"X.1":43,"film":"John Wick Chapter 2","revenue":171539887,"budget":40000000,"language":"en","popularity":25249,"vote.average":7.1,"vote.count":7128,"release.date":"2017-02-08","genre":28,"certification":"R","genre_txt":"Action","year":2017,"lustrum":"14-19","decade":"10-19","log_budget":7.6021,"log_rev":8.2344,"id":"324552","pop_cat":"High","rating_cat":"Middle","rev_mill":171.54},{"X.1":44,"film":"Hidden Figures","revenue":230698791,"budget":25000000,"language":"en","popularity":25178,"vote.average":8,"vote.count":5499,"release.date":"2016-12-10","genre":18,"certification":"PG","genre_txt":"Drama","year":2016,"lustrum":"14-19","decade":"10-19","log_budget":7.3979,"log_rev":8.363,"id":"381284","pop_cat":"High","rating_cat":"High","rev_mill":230.7},{"X.1":45,"film":"Bohemian Rhapsody","revenue":894027543,"budget":52000000,"language":"en","popularity":25047,"vote.average":8,"vote.count":10081,"release.date":"2018-10-24","genre":18,"certification":"PG-13","genre_txt":"Drama","year":2018,"lustrum":"14-19","decade":"10-19","log_budget":7.716,"log_rev":8.9514,"id":"424694","pop_cat":"High","rating_cat":"High","rev_mill":894.03},{"X.1":46,"film":"Inglourious Basterds","revenue":321455689,"budget":70000000,"language":"en","popularity":24908,"vote.average":8.2,"vote.count":13837,"release.date":"2009-08-18","genre":18,"certification":"R","genre_txt":"Drama","year":2009,"lustrum":"05-09","decade":"00-09","log_budget":7.8451,"log_rev":8.5071,"id":"16869","pop_cat":"High","rating_cat":"High","rev_mill":321.46},{"X.1":47,"film":"Dunkirk","revenue":525573161,"budget":100000000,"language":"en","popularity":24869,"vote.average":7.4,"vote.count":10392,"release.date":"2017-07-19","genre":28,"certification":"PG-13","genre_txt":"Action","year":2017,"lustrum":"14-19","decade":"10-19","log_budget":8,"log_rev":8.7206,"id":"374720","pop_cat":"High","rating_cat":"Middle","rev_mill":525.57},{"X.1":48,"film":"Ready Player One","revenue":582890172,"budget":175000000,"language":"en","popularity":24775,"vote.average":7.6,"vote.count":8525,"release.date":"2018-03-28","genre":12,"certification":"PG-13","genre_txt":"Adventure","year":2018,"lustrum":"14-19","decade":"10-19","log_budget":8.243,"log_rev":8.7656,"id":"333339","pop_cat":"High","rating_cat":"Middle-High","rev_mill":582.89},{"X.1":49,"film":"La La Land","revenue":445435700,"budget":30000000,"language":"en","popularity":24659,"vote.average":7.9,"vote.count":11337,"release.date":"2016-11-29","genre":35,"certification":"PG-13","genre_txt":"Comedy","year":2016,"lustrum":"14-19","decade":"10-19","log_budget":7.4771,"log_rev":8.6488,"id":"313369","pop_cat":"High","rating_cat":"Middle-High","rev_mill":445.44},{"X.1":50,"film":"Ralph Breaks the Internet","revenue":529221154,"budget":175000000,"language":"en","popularity":23958,"vote.average":7.1,"vote.count":3784,"release.date":"2018-11-20","genre":12,"certification":"PG","genre_txt":"Adventure","year":2018,"lustrum":"14-19","decade":"10-19","log_budget":8.243,"log_rev":8.7236,"id":"404368","pop_cat":"High","rating_cat":"Middle","rev_mill":529.22},{"X.1":51,"film":"Mulan","revenue":304320254,"budget":90000000,"language":"en","popularity":23957,"vote.average":7.9,"vote.count":5549,"release.date":"1998-06-18","genre":12,"certification":"G","genre_txt":"Adventure","year":1998,"lustrum":"95-99","decade":"90-99","log_budget":7.9542,"log_rev":8.4833,"id":"10674","pop_cat":"High","rating_cat":"Middle-High","rev_mill":304.32},{"X.1":52,"film":"Hereditary","revenue":79336821,"budget":10000000,"language":"en","popularity":23785,"vote.average":7.1,"vote.count":3470,"release.date":"2018-06-07","genre":27,"certification":"R","genre_txt":"Horror","year":2018,"lustrum":"14-19","decade":"10-19","log_budget":7,"log_rev":7.8995,"id":"493922","pop_cat":"High","rating_cat":"Middle","rev_mill":79.34},{"X.1":53,"film":"Ghost in the Shell","revenue":169801921,"budget":110000000,"language":"en","popularity":23699,"vote.average":6,"vote.count":5673,"release.date":"2017-03-29","genre":28,"certification":"PG-13","genre_txt":"Action","year":2017,"lustrum":"14-19","decade":"10-19","log_budget":8.0414,"log_rev":8.2299,"id":"315837","pop_cat":"High","rating_cat":"Middle","rev_mill":169.8},{"X.1":54,"film":"Jumanji Welcome to the Jungle","revenue":962102237,"budget":90000000,"language":"en","popularity":23689,"vote.average":6.7,"vote.count":8652,"release.date":"2017-12-09","genre":28,"certification":"PG-13","genre_txt":"Action","year":2017,"lustrum":"14-19","decade":"10-19","log_budget":7.9542,"log_rev":8.9832,"id":"353486","pop_cat":"High","rating_cat":"Middle","rev_mill":962.1},{"X.1":55,"film":"Green Book","revenue":319700000,"budget":23000000,"language":"en","popularity":23238,"vote.average":8.3,"vote.count":5530,"release.date":"2018-11-16","genre":35,"certification":"PG-13","genre_txt":"Comedy","year":2018,"lustrum":"14-19","decade":"10-19","log_budget":7.3617,"log_rev":8.5047,"id":"490132","pop_cat":"High","rating_cat":"High","rev_mill":319.7},{"X.1":56,"film":"The Shape of Water","revenue":194989655,"budget":19500000,"language":"en","popularity":22823,"vote.average":7.2,"vote.count":8228,"release.date":"2017-12-01","genre":18,"certification":"R","genre_txt":"Drama","year":2017,"lustrum":"14-19","decade":"10-19","log_budget":7.29,"log_rev":8.29,"id":"399055","pop_cat":"High","rating_cat":"Middle","rev_mill":194.99},{"X.1":57,"film":"Lion","revenue":140312928,"budget":12000000,"language":"en","popularity":22717,"vote.average":8.1,"vote.count":4415,"release.date":"2016-11-24","genre":18,"certification":"PG-13","genre_txt":"Drama","year":2016,"lustrum":"14-19","decade":"10-19","log_budget":7.0792,"log_rev":8.1471,"id":"334543","pop_cat":"High","rating_cat":"High","rev_mill":140.31},{"X.1":58,"film":"A Star Is Born","revenue":433888866,"budget":36000000,"language":"en","popularity":22196,"vote.average":7.5,"vote.count":7445,"release.date":"2018-10-03","genre":18,"certification":"R","genre_txt":"Drama","year":2018,"lustrum":"14-19","decade":"10-19","log_budget":7.5563,"log_rev":8.6374,"id":"332562","pop_cat":"High","rating_cat":"Middle-High","rev_mill":433.89},{"X.1":59,"film":"A Bugs Life","revenue":363258859,"budget":120000000,"language":"en","popularity":22158,"vote.average":6.9,"vote.count":5687,"release.date":"1998-11-25","genre":12,"certification":"G","genre_txt":"Adventure","year":1998,"lustrum":"95-99","decade":"90-99","log_budget":8.0792,"log_rev":8.5602,"id":"9487","pop_cat":"High","rating_cat":"Middle","rev_mill":363.26},{"X.1":60,"film":"Quantum of Solace","revenue":589580482,"budget":200000000,"language":"en","popularity":22044,"vote.average":6.3,"vote.count":4986,"release.date":"2008-10-30","genre":12,"certification":"PG-13","genre_txt":"Adventure","year":2008,"lustrum":"05-09","decade":"00-09","log_budget":8.301,"log_rev":8.7705,"id":"10764","pop_cat":"High","rating_cat":"Middle","rev_mill":589.58},{"X.1":61,"film":"Southpaw","revenue":91709827,"budget":30000000,"language":"en","popularity":21981,"vote.average":7.4,"vote.count":3776,"release.date":"2015-03-24","genre":28,"certification":"R","genre_txt":"Action","year":2015,"lustrum":"14-19","decade":"10-19","log_budget":7.4771,"log_rev":7.9624,"id":"307081","pop_cat":"High","rating_cat":"Middle","rev_mill":91.71},{"X.1":62,"film":"Baby Driver","revenue":226945087,"budget":34000000,"language":"en","popularity":21951,"vote.average":7.4,"vote.count":9429,"release.date":"2017-06-28","genre":28,"certification":"R","genre_txt":"Action","year":2017,"lustrum":"14-19","decade":"10-19","log_budget":7.5315,"log_rev":8.3559,"id":"339403","pop_cat":"High","rating_cat":"Middle","rev_mill":226.95},{"X.1":63,"film":"Fantastic Beasts The Crimes of Grindelwald","revenue":653355901,"budget":200000000,"language":"en","popularity":21951,"vote.average":6.8,"vote.count":6207,"release.date":"2018-11-14","genre":12,"certification":"PG-13","genre_txt":"Adventure","year":2018,"lustrum":"14-19","decade":"10-19","log_budget":8.301,"log_rev":8.8151,"id":"338952","pop_cat":"High","rating_cat":"Middle","rev_mill":653.36},{"X.1":64,"film":"Arrival","revenue":203388186,"budget":47000000,"language":"en","popularity":21835,"vote.average":7.5,"vote.count":11673,"release.date":"2016-11-10","genre":18,"certification":"PG-13","genre_txt":"Drama","year":2016,"lustrum":"14-19","decade":"10-19","log_budget":7.6721,"log_rev":8.3083,"id":"329865","pop_cat":"High","rating_cat":"Middle-High","rev_mill":203.39},{"X.1":65,"film":"Aquaman","revenue":1143689193,"budget":160000000,"language":"en","popularity":21689,"vote.average":6.8,"vote.count":8026,"release.date":"2018-12-07","genre":28,"certification":"PG-13","genre_txt":"Action","year":2018,"lustrum":"14-19","decade":"10-19","log_budget":8.2041,"log_rev":9.0583,"id":"297802","pop_cat":"High","rating_cat":"Middle","rev_mill":1143.69},{"X.1":66,"film":"Lady Bird","revenue":76858273,"budget":10000000,"language":"en","popularity":21533,"vote.average":7.3,"vote.count":4664,"release.date":"2017-09-08","genre":35,"certification":"R","genre_txt":"Comedy","year":2017,"lustrum":"14-19","decade":"10-19","log_budget":7,"log_rev":7.8857,"id":"391713","pop_cat":"High","rating_cat":"Middle","rev_mill":76.86},{"X.1":67,"film":"The Princess Diaries 2 Royal Engagement","revenue":95149435,"budget":40000000,"language":"en","popularity":21212,"vote.average":6.5,"vote.count":2033,"release.date":"2004-08-06","genre":35,"certification":"G","genre_txt":"Comedy","year":2004,"lustrum":"00-04","decade":"00-09","log_budget":7.6021,"log_rev":7.9784,"id":"11130","pop_cat":"High","rating_cat":"Middle","rev_mill":95.15},{"X.1":68,"film":"Blade","revenue":131183530,"budget":45000000,"language":"en","popularity":21204,"vote.average":6.6,"vote.count":3532,"release.date":"1998-08-21","genre":28,"certification":"R","genre_txt":"Action","year":1998,"lustrum":"95-99","decade":"90-99","log_budget":7.6532,"log_rev":8.1179,"id":"36647","pop_cat":"High","rating_cat":"Middle","rev_mill":131.18},{"X.1":69,"film":"Mortal Engines","revenue":104236467,"budget":100000000,"language":"en","popularity":21061,"vote.average":6.1,"vote.count":2516,"release.date":"2018-11-27","genre":12,"certification":"PG-13","genre_txt":"Adventure","year":2018,"lustrum":"14-19","decade":"10-19","log_budget":8,"log_rev":8.018,"id":"428078","pop_cat":"High","rating_cat":"Middle","rev_mill":104.24},{"X.1":70,"film":"The Notebook","revenue":115603229,"budget":29000000,"language":"en","popularity":20821,"vote.average":7.9,"vote.count":7036,"release.date":"2004-06-25","genre":18,"certification":"PG-13","genre_txt":"Drama","year":2004,"lustrum":"00-04","decade":"00-09","log_budget":7.4624,"log_rev":8.063,"id":"11036","pop_cat":"High","rating_cat":"Middle-High","rev_mill":115.6},{"X.1":71,"film":"The Meg","revenue":315960074,"budget":150000000,"language":"en","popularity":20636,"vote.average":5.9,"vote.count":3604,"release.date":"2018-08-09","genre":28,"certification":"PG-13","genre_txt":"Action","year":2018,"lustrum":"14-19","decade":"10-19","log_budget":8.1761,"log_rev":8.4996,"id":"345940","pop_cat":"High","rating_cat":"Low-middle","rev_mill":315.96},{"X.1":72,"film":"Fifty Shades Freed","revenue":368307760,"budget":55000000,"language":"en","popularity":20565,"vote.average":6.2,"vote.count":3968,"release.date":"2018-01-17","genre":18,"certification":"R","genre_txt":"Drama","year":2018,"lustrum":"14-19","decade":"10-19","log_budget":7.7404,"log_rev":8.5662,"id":"337167","pop_cat":"High","rating_cat":"Middle","rev_mill":368.31},{"X.1":73,"film":"The Nun","revenue":365550119,"budget":22000000,"language":"en","popularity":20492,"vote.average":5.6,"vote.count":3433,"release.date":"2018-09-05","genre":27,"certification":"R","genre_txt":"Horror","year":2018,"lustrum":"14-19","decade":"10-19","log_budget":7.3424,"log_rev":8.5629,"id":"439079","pop_cat":"High","rating_cat":"Low-middle","rev_mill":365.55},{"X.1":74,"film":"Escape from Alcatraz","revenue":43000000,"budget":8000000,"language":"en","popularity":19983,"vote.average":7.5,"vote.count":1383,"release.date":"1979-06-22","genre":80,"certification":"PG","genre_txt":"Crime","year":1979,"lustrum":"75-79","decade":"70-79","log_budget":6.9031,"log_rev":7.6335,"id":"10734","pop_cat":"High","rating_cat":"Middle-High","rev_mill":43},{"X.1":75,"film":"The Truman Show","revenue":264118201,"budget":60000000,"language":"en","popularity":19928,"vote.average":8.1,"vote.count":10676,"release.date":"1998-06-04","genre":35,"certification":"PG","genre_txt":"Comedy","year":1998,"lustrum":"95-99","decade":"90-99","log_budget":7.7782,"log_rev":8.4218,"id":"37165","pop_cat":"High","rating_cat":"High","rev_mill":264.12},{"X.1":76,"film":"Get Out","revenue":255407969,"budget":4500000,"language":"en","popularity":19747,"vote.average":7.5,"vote.count":10299,"release.date":"2017-02-24","genre":27,"certification":"R","genre_txt":"Horror","year":2017,"lustrum":"14-19","decade":"10-19","log_budget":6.6532,"log_rev":8.4072,"id":"419430","pop_cat":"High","rating_cat":"Middle-High","rev_mill":255.41},{"X.1":77,"film":"2012","revenue":769653595,"budget":200000000,"language":"en","popularity":19637,"vote.average":5.7,"vote.count":8373,"release.date":"2009-10-10","genre":28,"certification":"PG-13","genre_txt":"Action","year":2009,"lustrum":"05-09","decade":"00-09","log_budget":8.301,"log_rev":8.8863,"id":"14161","pop_cat":"High","rating_cat":"Low-middle","rev_mill":769.65},{"X.1":78,"film":"The Commuter","revenue":119942387,"budget":30000000,"language":"en","popularity":19622,"vote.average":6.2,"vote.count":2772,"release.date":"2018-01-11","genre":28,"certification":"PG-13","genre_txt":"Action","year":2018,"lustrum":"14-19","decade":"10-19","log_budget":7.4771,"log_rev":8.079,"id":"399035","pop_cat":"High","rating_cat":"Middle","rev_mill":119.94},{"X.1":79,"film":"Kikis Delivery Service","revenue":18172849,"budget":6900000,"language":"ja","popularity":19291,"vote.average":7.8,"vote.count":1845,"release.date":"1989-07-29","genre":12,"certification":"G","genre_txt":"Adventure","year":1989,"lustrum":"85-89","decade":"80-89","log_budget":6.8388,"log_rev":7.2594,"id":"16859","pop_cat":"High","rating_cat":"Middle-High","rev_mill":18.17},{"X.1":80,"film":"The Exorcist","revenue":441306145,"budget":8000000,"language":"en","popularity":19284,"vote.average":7.6,"vote.count":4464,"release.date":"1973-12-26","genre":27,"certification":"R","genre_txt":"Horror","year":1973,"lustrum":"70-74","decade":"70-79","log_budget":6.9031,"log_rev":8.6447,"id":"9552","pop_cat":"High","rating_cat":"Middle-High","rev_mill":441.31},{"X.1":81,"film":"The Equalizer 2","revenue":102084362,"budget":62000000,"language":"en","popularity":19282,"vote.average":6.5,"vote.count":2554,"release.date":"2018-07-19","genre":53,"certification":"R","genre_txt":"Thriller","year":2018,"lustrum":"14-19","decade":"10-19","log_budget":7.7924,"log_rev":8.009,"id":"345887","pop_cat":"High","rating_cat":"Middle","rev_mill":102.08},{"X.1":82,"film":"Den of Thieves","revenue":80509622,"budget":30000000,"language":"en","popularity":18856,"vote.average":6.6,"vote.count":1511,"release.date":"2018-01-18","genre":28,"certification":"R","genre_txt":"Action","year":2018,"lustrum":"14-19","decade":"10-19","log_budget":7.4771,"log_rev":7.9058,"id":"449443","pop_cat":"High","rating_cat":"Middle","rev_mill":80.51},{"X.1":83,"film":"The Princess and the Frog","revenue":270997378,"budget":105000000,"language":"en","popularity":18846,"vote.average":7,"vote.count":3164,"release.date":"2009-12-08","genre":16,"certification":"G","genre_txt":"Animation","year":2009,"lustrum":"05-09","decade":"00-09","log_budget":8.0212,"log_rev":8.433,"id":"10198","pop_cat":"High","rating_cat":"Middle","rev_mill":271},{"X.1":84,"film":"The Twilight Saga New Moon","revenue":709827462,"budget":50000000,"language":"en","popularity":18791,"vote.average":5.8,"vote.count":5823,"release.date":"2009-03-15","genre":12,"certification":"PG-13","genre_txt":"Adventure","year":2009,"lustrum":"05-09","decade":"00-09","log_budget":7.699,"log_rev":8.8512,"id":"18239","pop_cat":"High","rating_cat":"Low-middle","rev_mill":709.83},{"X.1":85,"film":"Bad Boys","revenue":141407024,"budget":19000000,"language":"en","popularity":18777,"vote.average":6.6,"vote.count":3527,"release.date":"1995-04-07","genre":28,"certification":"R","genre_txt":"Action","year":1995,"lustrum":"95-99","decade":"90-99","log_budget":7.2788,"log_rev":8.1505,"id":"9737","pop_cat":"High","rating_cat":"Middle","rev_mill":141.41},{"X.1":86,"film":"The World Is Not Enough","revenue":361832400,"budget":135000000,"language":"en","popularity":18679,"vote.average":6.2,"vote.count":1632,"release.date":"1999-11-17","genre":28,"certification":"PG-13","genre_txt":"Action","year":1999,"lustrum":"95-99","decade":"90-99","log_budget":8.1303,"log_rev":8.5585,"id":"36643","pop_cat":"High","rating_cat":"Middle","rev_mill":361.83},{"X.1":87,"film":"Tarzan","revenue":448191819,"budget":130000000,"language":"en","popularity":18656,"vote.average":7.4,"vote.count":4194,"release.date":"1999-06-18","genre":12,"certification":"G","genre_txt":"Adventure","year":1999,"lustrum":"95-99","decade":"90-99","log_budget":8.1139,"log_rev":8.6515,"id":"37135","pop_cat":"High","rating_cat":"Middle","rev_mill":448.19},{"X.1":88,"film":"Atomic Blonde","revenue":95673925,"budget":30000000,"language":"en","popularity":18638,"vote.average":6.3,"vote.count":4133,"release.date":"2017-07-26","genre":28,"certification":"R","genre_txt":"Action","year":2017,"lustrum":"14-19","decade":"10-19","log_budget":7.4771,"log_rev":7.9808,"id":"341013","pop_cat":"High","rating_cat":"Middle","rev_mill":95.67},{"X.1":89,"film":"First Man","revenue":100546153,"budget":70000000,"language":"en","popularity":18613,"vote.average":7.1,"vote.count":3121,"release.date":"2018-10-11","genre":36,"certification":"PG-13","genre_txt":"History","year":2018,"lustrum":"14-19","decade":"10-19","log_budget":7.8451,"log_rev":8.0024,"id":"369972","pop_cat":"High","rating_cat":"Middle","rev_mill":100.55},{"X.1":90,"film":"Bumblebee","revenue":465895025,"budget":135000000,"language":"en","popularity":18506,"vote.average":6.5,"vote.count":3341,"release.date":"2018-12-15","genre":28,"certification":"PG-13","genre_txt":"Action","year":2018,"lustrum":"14-19","decade":"10-19","log_budget":8.1303,"log_rev":8.6683,"id":"424783","pop_cat":"High","rating_cat":"Middle","rev_mill":465.9},{"X.1":91,"film":"The Hitmans Bodyguard","revenue":176586701,"budget":30000000,"language":"en","popularity":18494,"vote.average":6.7,"vote.count":3558,"release.date":"2017-08-16","genre":28,"certification":"R","genre_txt":"Action","year":2017,"lustrum":"14-19","decade":"10-19","log_budget":7.4771,"log_rev":8.247,"id":"390043","pop_cat":"High","rating_cat":"Middle","rev_mill":176.59},{"X.1":92,"film":"Hercules","revenue":252712101,"budget":85000000,"language":"en","popularity":18479,"vote.average":7.5,"vote.count":4420,"release.date":"1997-06-20","genre":12,"certification":"G","genre_txt":"Adventure","year":1997,"lustrum":"95-99","decade":"90-99","log_budget":7.9294,"log_rev":8.4026,"id":"11970","pop_cat":"High","rating_cat":"Middle-High","rev_mill":252.71},{"X.1":93,"film":"Die Another Day","revenue":431971116,"budget":140000000,"language":"en","popularity":18335,"vote.average":5.9,"vote.count":2081,"release.date":"2002-11-17","genre":28,"certification":"PG-13","genre_txt":"Action","year":2002,"lustrum":"00-04","decade":"00-09","log_budget":8.1461,"log_rev":8.6355,"id":"36669","pop_cat":"High","rating_cat":"Low-middle","rev_mill":431.97},{"X.1":94,"film":"Pocahontas","revenue":346079773,"budget":55000000,"language":"en","popularity":18312,"vote.average":6.9,"vote.count":3676,"release.date":"1995-06-14","genre":12,"certification":"G","genre_txt":"Adventure","year":1995,"lustrum":"95-99","decade":"90-99","log_budget":7.7404,"log_rev":8.5392,"id":"10530","pop_cat":"High","rating_cat":"Middle","rev_mill":346.08},{"X.1":95,"film":"Sixteen Candles","revenue":23686027,"budget":6500000,"language":"en","popularity":18192,"vote.average":6.8,"vote.count":1249,"release.date":"1984-05-04","genre":35,"certification":"PG","genre_txt":"Comedy","year":1984,"lustrum":"80-84","decade":"80-89","log_budget":6.8129,"log_rev":7.3745,"id":"15144","pop_cat":"High","rating_cat":"Middle","rev_mill":23.69},{"X.1":96,"film":"Kubo and the Two Strings","revenue":69929545,"budget":60000000,"language":"en","popularity":18053,"vote.average":7.7,"vote.count":2331,"release.date":"2016-08-18","genre":12,"certification":"PG","genre_txt":"Adventure","year":2016,"lustrum":"14-19","decade":"10-19","log_budget":7.7782,"log_rev":7.8447,"id":"313297","pop_cat":"High","rating_cat":"Middle-High","rev_mill":69.93},{"X.1":97,"film":"Watchmen","revenue":185258983,"budget":130000000,"language":"en","popularity":17911,"vote.average":7.3,"vote.count":5702,"release.date":"2009-03-05","genre":28,"certification":"R","genre_txt":"Action","year":2009,"lustrum":"05-09","decade":"00-09","log_budget":8.1139,"log_rev":8.2678,"id":"13183","pop_cat":"High","rating_cat":"Middle","rev_mill":185.26},{"X.1":98,"film":"Memories of Murder","revenue":26000000,"budget":2800000,"language":"ko","popularity":17586,"vote.average":8.1,"vote.count":1296,"release.date":"2003-05-02","genre":80,"certification":"PG-13","genre_txt":"Crime","year":2003,"lustrum":"00-04","decade":"00-09","log_budget":6.4472,"log_rev":7.415,"id":"11423","pop_cat":"High","rating_cat":"High","rev_mill":26},{"X.1":99,"film":"Baywatch","revenue":177856751,"budget":69000000,"language":"en","popularity":17573,"vote.average":6.1,"vote.count":5418,"release.date":"2017-05-12","genre":28,"certification":"R","genre_txt":"Action","year":2017,"lustrum":"14-19","decade":"10-19","log_budget":7.8388,"log_rev":8.2501,"id":"339846","pop_cat":"High","rating_cat":"Middle","rev_mill":177.86},{"X.1":100,"film":"Gran Torino","revenue":269958228,"budget":33000000,"language":"en","popularity":17502,"vote.average":8,"vote.count":6626,"release.date":"2008-12-09","genre":18,"certification":"R","genre_txt":"Drama","year":2008,"lustrum":"05-09","decade":"00-09","log_budget":7.5185,"log_rev":8.4313,"id":"13223","pop_cat":"High","rating_cat":"High","rev_mill":269.96},{"X.1":101,"film":"Madagascar Escape 2 Africa","revenue":603900354,"budget":150000000,"language":"en","popularity":17423,"vote.average":6.4,"vote.count":4321,"release.date":"2008-10-30","genre":16,"certification":"PG","genre_txt":"Animation","year":2008,"lustrum":"05-09","decade":"00-09","log_budget":8.1761,"log_rev":8.781,"id":"10527","pop_cat":"High","rating_cat":"Middle","rev_mill":603.9},{"X.1":102,"film":"Ice Princess","revenue":27645491,"budget":25000000,"language":"en","popularity":17293,"vote.average":6.1,"vote.count":573,"release.date":"2005-03-17","genre":35,"certification":"G","genre_txt":"Comedy","year":2005,"lustrum":"05-09","decade":"00-09","log_budget":7.3979,"log_rev":7.4416,"id":"13374","pop_cat":"High","rating_cat":"Middle","rev_mill":27.65},{"X.1":103,"film":"Train to Busan","revenue":87547518,"budget":8820000,"language":"ko","popularity":17196,"vote.average":7.7,"vote.count":3188,"release.date":"2016-07-20","genre":28,"certification":"PG-13","genre_txt":"Action","year":2016,"lustrum":"14-19","decade":"10-19","log_budget":6.9455,"log_rev":7.9422,"id":"396535","pop_cat":"High","rating_cat":"Middle-High","rev_mill":87.55},{"X.1":104,"film":"Atlantis The Lost Empire","revenue":186053725,"budget":120000000,"language":"en","popularity":17167,"vote.average":6.9,"vote.count":2912,"release.date":"2001-06-02","genre":16,"certification":"PG","genre_txt":"Animation","year":2001,"lustrum":"00-04","decade":"00-09","log_budget":8.0792,"log_rev":8.2696,"id":"10865","pop_cat":"High","rating_cat":"Middle","rev_mill":186.05},{"X.1":105,"film":"9","revenue":48428063,"budget":30000000,"language":"en","popularity":17063,"vote.average":6.8,"vote.count":2195,"release.date":"2009-08-19","genre":28,"certification":"PG-13","genre_txt":"Action","year":2009,"lustrum":"05-09","decade":"00-09","log_budget":7.4771,"log_rev":7.6851,"id":"12244","pop_cat":"High","rating_cat":"Middle","rev_mill":48.43},{"X.1":106,"film":"Coraline","revenue":124596398,"budget":60000000,"language":"en","popularity":17026,"vote.average":7.6,"vote.count":3611,"release.date":"2009-02-05","genre":16,"certification":"PG","genre_txt":"Animation","year":2009,"lustrum":"05-09","decade":"00-09","log_budget":7.7782,"log_rev":8.0955,"id":"14836","pop_cat":"High","rating_cat":"Middle-High","rev_mill":124.6},{"X.1":107,"film":"Skyscraper","revenue":292351275,"budget":125000000,"language":"en","popularity":16969,"vote.average":6.1,"vote.count":2678,"release.date":"2018-07-11","genre":28,"certification":"PG-13","genre_txt":"Action","year":2018,"lustrum":"14-19","decade":"10-19","log_budget":8.0969,"log_rev":8.4659,"id":"447200","pop_cat":"High","rating_cat":"Middle","rev_mill":292.35},{"X.1":108,"film":"The Prince of Egypt","revenue":218613188,"budget":70000000,"language":"en","popularity":16874,"vote.average":7.1,"vote.count":2252,"release.date":"1998-12-15","genre":12,"certification":"PG","genre_txt":"Adventure","year":1998,"lustrum":"95-99","decade":"90-99","log_budget":7.8451,"log_rev":8.3397,"id":"9837","pop_cat":"High","rating_cat":"Middle","rev_mill":218.61},{"X.1":109,"film":"Rogue One A Star Wars Story","revenue":1056057273,"budget":200000000,"language":"en","popularity":16767,"vote.average":7.5,"vote.count":10425,"release.date":"2016-12-14","genre":28,"certification":"PG-13","genre_txt":"Action","year":2016,"lustrum":"14-19","decade":"10-19","log_budget":8.301,"log_rev":9.0237,"id":"330459","pop_cat":"High","rating_cat":"Middle-High","rev_mill":1056.06},{"X.1":110,"film":"The Fate of the Furious","revenue":1238764765,"budget":250000000,"language":"en","popularity":16682,"vote.average":6.9,"vote.count":6924,"release.date":"2017-04-12","genre":28,"certification":"PG-13","genre_txt":"Action","year":2017,"lustrum":"14-19","decade":"10-19","log_budget":8.3979,"log_rev":9.093,"id":"337339","pop_cat":"High","rating_cat":"Middle","rev_mill":1238.76},{"X.1":111,"film":"The Aristocats","revenue":55675257,"budget":4000000,"language":"en","popularity":16669,"vote.average":7.3,"vote.count":3180,"release.date":"1970-12-23","genre":12,"certification":"G","genre_txt":"Adventure","year":1970,"lustrum":"70-74","decade":"70-79","log_budget":6.6021,"log_rev":7.7457,"id":"10112","pop_cat":"High","rating_cat":"Middle","rev_mill":55.68},{"X.1":112,"film":"Bolt","revenue":309979994,"budget":150000000,"language":"en","popularity":16609,"vote.average":6.4,"vote.count":3850,"release.date":"2008-01-29","genre":16,"certification":"PG","genre_txt":"Animation","year":2008,"lustrum":"05-09","decade":"00-09","log_budget":8.1761,"log_rev":8.4913,"id":"13053","pop_cat":"High","rating_cat":"Middle","rev_mill":309.98},{"X.1":113,"film":"Me Before You","revenue":207945075,"budget":20000000,"language":"en","popularity":16414,"vote.average":7.7,"vote.count":6705,"release.date":"2016-06-01","genre":18,"certification":"PG-13","genre_txt":"Drama","year":2016,"lustrum":"14-19","decade":"10-19","log_budget":7.301,"log_rev":8.3179,"id":"296096","pop_cat":"High","rating_cat":"Middle-High","rev_mill":207.95},{"X.1":114,"film":"Star Trek","revenue":385680446,"budget":150000000,"language":"en","popularity":16245,"vote.average":7.4,"vote.count":6919,"release.date":"2009-05-06","genre":28,"certification":"PG-13","genre_txt":"Action","year":2009,"lustrum":"05-09","decade":"00-09","log_budget":8.1761,"log_rev":8.5862,"id":"13475","pop_cat":"High","rating_cat":"Middle","rev_mill":385.68},{"X.1":115,"film":"Maze Runner The Death Cure","revenue":284881603,"budget":62000000,"language":"en","popularity":16232,"vote.average":7,"vote.count":4516,"release.date":"2018-01-10","genre":28,"certification":"PG-13","genre_txt":"Action","year":2018,"lustrum":"14-19","decade":"10-19","log_budget":7.7924,"log_rev":8.4547,"id":"336843","pop_cat":"High","rating_cat":"Middle","rev_mill":284.88},{"X.1":116,"film":"The Great Debaters","revenue":30226144,"budget":15000000,"language":"en","popularity":16146,"vote.average":7.2,"vote.count":305,"release.date":"2007-12-27","genre":18,"certification":"PG-13","genre_txt":"Drama","year":2007,"lustrum":"05-09","decade":"00-09","log_budget":7.1761,"log_rev":7.4804,"id":"14047","pop_cat":"High","rating_cat":"Middle","rev_mill":30.23},{"X.1":117,"film":"Lilo  Stitch","revenue":145771527,"budget":80000000,"language":"en","popularity":16145,"vote.average":7.4,"vote.count":3565,"release.date":"2002-06-21","genre":16,"certification":"PG","genre_txt":"Animation","year":2002,"lustrum":"00-04","decade":"00-09","log_budget":7.9031,"log_rev":8.1637,"id":"11544","pop_cat":"High","rating_cat":"Middle","rev_mill":145.77},{"X.1":118,"film":"Allied","revenue":119520023,"budget":85000000,"language":"en","popularity":16117,"vote.average":6.7,"vote.count":3115,"release.date":"2016-11-17","genre":28,"certification":"R","genre_txt":"Action","year":2016,"lustrum":"14-19","decade":"10-19","log_budget":7.9294,"log_rev":8.0774,"id":"369885","pop_cat":"High","rating_cat":"Middle","rev_mill":119.52},{"X.1":119,"film":"The Hangover","revenue":459270619,"budget":35000000,"language":"en","popularity":15933,"vote.average":7.3,"vote.count":11502,"release.date":"2009-06-02","genre":35,"certification":"R","genre_txt":"Comedy","year":2009,"lustrum":"05-09","decade":"00-09","log_budget":7.5441,"log_rev":8.6621,"id":"18785","pop_cat":"High","rating_cat":"Middle","rev_mill":459.27},{"X.1":120,"film":"The Emperors New Groove","revenue":169327687,"budget":100000000,"language":"en","popularity":15921,"vote.average":7.5,"vote.count":3911,"release.date":"2000-12-09","genre":12,"certification":"G","genre_txt":"Adventure","year":2000,"lustrum":"00-04","decade":"00-09","log_budget":8,"log_rev":8.2287,"id":"11688","pop_cat":"High","rating_cat":"Middle-High","rev_mill":169.33},{"X.1":121,"film":"500 Days of Summer","revenue":60722734,"budget":7500000,"language":"en","popularity":15898,"vote.average":7.2,"vote.count":6320,"release.date":"2009-07-17","genre":35,"certification":"PG-13","genre_txt":"Comedy","year":2009,"lustrum":"05-09","decade":"00-09","log_budget":6.8751,"log_rev":7.7834,"id":"19913","pop_cat":"High","rating_cat":"Middle","rev_mill":60.72},{"X.1":122,"film":"Sicario Day of the Soldado","revenue":75836683,"budget":35000000,"language":"en","popularity":15792,"vote.average":6.7,"vote.count":1664,"release.date":"2018-06-27","genre":28,"certification":"R","genre_txt":"Action","year":2018,"lustrum":"14-19","decade":"10-19","log_budget":7.5441,"log_rev":7.8799,"id":"400535","pop_cat":"High","rating_cat":"Middle","rev_mill":75.84},{"X.1":123,"film":"Clueless","revenue":56631572,"budget":12000000,"language":"en","popularity":15723,"vote.average":7.2,"vote.count":2225,"release.date":"1995-07-19","genre":35,"certification":"PG-13","genre_txt":"Comedy","year":1995,"lustrum":"95-99","decade":"90-99","log_budget":7.0792,"log_rev":7.7531,"id":"9603","pop_cat":"High","rating_cat":"Middle","rev_mill":56.63},{"X.1":124,"film":"Knowing","revenue":155446362,"budget":50000000,"language":"en","popularity":15526,"vote.average":6,"vote.count":3066,"release.date":"2009-03-19","genre":28,"certification":"PG-13","genre_txt":"Action","year":2009,"lustrum":"05-09","decade":"00-09","log_budget":7.699,"log_rev":8.1916,"id":"13811","pop_cat":"High","rating_cat":"Middle","rev_mill":155.45},{"X.1":125,"film":"Suicide Squad","revenue":745600054,"budget":176000000,"language":"en","popularity":15437,"vote.average":5.9,"vote.count":14937,"release.date":"2016-08-03","genre":28,"certification":"PG-13","genre_txt":"Action","year":2016,"lustrum":"14-19","decade":"10-19","log_budget":8.2455,"log_rev":8.8725,"id":"297761","pop_cat":"High","rating_cat":"Low-middle","rev_mill":745.6},{"X.1":126,"film":"Blade II","revenue":155010032,"budget":54000000,"language":"en","popularity":15398,"vote.average":6.4,"vote.count":2863,"release.date":"2002-03-22","genre":28,"certification":"R","genre_txt":"Action","year":2002,"lustrum":"00-04","decade":"00-09","log_budget":7.7324,"log_rev":8.1904,"id":"36586","pop_cat":"High","rating_cat":"Middle","rev_mill":155.01},{"X.1":127,"film":"Crank High Voltage","revenue":34560577,"budget":20000000,"language":"en","popularity":15393,"vote.average":6,"vote.count":1620,"release.date":"2009-04-16","genre":28,"certification":"R","genre_txt":"Action","year":2009,"lustrum":"05-09","decade":"00-09","log_budget":7.301,"log_rev":7.5386,"id":"15092","pop_cat":"High","rating_cat":"Middle","rev_mill":34.56},{"X.1":128,"film":"The Fox and the Hound","revenue":29800000,"budget":12000000,"language":"en","popularity":15225,"vote.average":7.1,"vote.count":2002,"release.date":"1981-07-10","genre":12,"certification":"G","genre_txt":"Adventure","year":1981,"lustrum":"80-84","decade":"80-89","log_budget":7.0792,"log_rev":7.4742,"id":"10948","pop_cat":"High","rating_cat":"Middle","rev_mill":29.8},{"X.1":129,"film":"True Lies","revenue":378882411,"budget":115000000,"language":"en","popularity":15183,"vote.average":6.9,"vote.count":2250,"release.date":"1994-07-15","genre":28,"certification":"R","genre_txt":"Action","year":1994,"lustrum":"90-94","decade":"90-99","log_budget":8.0607,"log_rev":8.5785,"id":"36955","pop_cat":"High","rating_cat":"Middle","rev_mill":378.88},{"X.1":130,"film":"Mr Nobody","revenue":2331721,"budget":47000000,"language":"en","popularity":14784,"vote.average":7.9,"vote.count":3791,"release.date":"2009-11-06","genre":18,"certification":"NR","genre_txt":"Drama","year":2009,"lustrum":"05-09","decade":"00-09","log_budget":7.6721,"log_rev":6.3677,"id":"31011","pop_cat":"High","rating_cat":"Middle-High","rev_mill":2.33},{"X.1":131,"film":"Robin Hood","revenue":32056467,"budget":15000000,"language":"en","popularity":14769,"vote.average":7.3,"vote.count":2738,"release.date":"1973-11-08","genre":16,"certification":"G","genre_txt":"Animation","year":1973,"lustrum":"70-74","decade":"70-79","log_budget":7.1761,"log_rev":7.5059,"id":"11886","pop_cat":"High","rating_cat":"Middle","rev_mill":32.06},{"X.1":132,"film":"Hachi A Dogs Tale","revenue":47801389,"budget":16000000,"language":"en","popularity":14593,"vote.average":8,"vote.count":4098,"release.date":"2009-06-13","genre":18,"certification":"G","genre_txt":"Drama","year":2009,"lustrum":"05-09","decade":"00-09","log_budget":7.2041,"log_rev":7.6794,"id":"28178","pop_cat":"Middle-high","rating_cat":"High","rev_mill":47.8},{"X.1":133,"film":"GI Joe The Rise of Cobra","revenue":302469017,"budget":175000000,"language":"en","popularity":14565,"vote.average":5.7,"vote.count":3116,"release.date":"2009-08-04","genre":12,"certification":"PG-13","genre_txt":"Adventure","year":2009,"lustrum":"05-09","decade":"00-09","log_budget":8.243,"log_rev":8.4807,"id":"14869","pop_cat":"Middle-high","rating_cat":"Low-middle","rev_mill":302.47},{"X.1":134,"film":"Slumdog Millionaire","revenue":377910544,"budget":15000000,"language":"en","popularity":14545,"vote.average":7.7,"vote.count":6756,"release.date":"2008-05-12","genre":18,"certification":"R","genre_txt":"Drama","year":2008,"lustrum":"05-09","decade":"00-09","log_budget":7.1761,"log_rev":8.5774,"id":"12405","pop_cat":"Middle-high","rating_cat":"Middle-High","rev_mill":377.91},{"X.1":135,"film":"10 Cloverfield Lane","revenue":108286421,"budget":15000000,"language":"en","popularity":14478,"vote.average":6.9,"vote.count":5125,"release.date":"2016-03-10","genre":18,"certification":"PG-13","genre_txt":"Drama","year":2016,"lustrum":"14-19","decade":"10-19","log_budget":7.1761,"log_rev":8.0346,"id":"333371","pop_cat":"Middle-high","rating_cat":"Middle","rev_mill":108.29},{"X.1":136,"film":"Alvin and the Chipmunks The Squeakquel","revenue":443140005,"budget":75000000,"language":"en","popularity":14423,"vote.average":5.5,"vote.count":1762,"release.date":"2009-12-21","genre":16,"certification":"PG","genre_txt":"Animation","year":2009,"lustrum":"05-09","decade":"00-09","log_budget":7.8751,"log_rev":8.6465,"id":"23398","pop_cat":"Middle-high","rating_cat":"Low-middle","rev_mill":443.14},{"X.1":137,"film":"Transformers The Last Knight","revenue":605425157,"budget":217000000,"language":"en","popularity":14344,"vote.average":6,"vote.count":3649,"release.date":"2017-06-16","genre":28,"certification":"PG-13","genre_txt":"Action","year":2017,"lustrum":"14-19","decade":"10-19","log_budget":8.3365,"log_rev":8.7821,"id":"335988","pop_cat":"Middle-high","rating_cat":"Middle","rev_mill":605.43},{"X.1":138,"film":"Mad Max","revenue":100000000,"budget":400000,"language":"en","popularity":14146,"vote.average":6.7,"vote.count":2422,"release.date":"1979-04-12","genre":28,"certification":"R","genre_txt":"Action","year":1979,"lustrum":"75-79","decade":"70-79","log_budget":5.6021,"log_rev":8,"id":"9659","pop_cat":"Middle-high","rating_cat":"Middle","rev_mill":100},{"X.1":139,"film":"Hacksaw Ridge","revenue":175302354,"budget":40000000,"language":"en","popularity":14121,"vote.average":8.1,"vote.count":7515,"release.date":"2016-10-07","genre":18,"certification":"R","genre_txt":"Drama","year":2016,"lustrum":"14-19","decade":"10-19","log_budget":7.6021,"log_rev":8.2438,"id":"324786","pop_cat":"Middle-high","rating_cat":"High","rev_mill":175.3},{"X.1":140,"film":"The Naked Gun From the Files of Police Squad","revenue":78756177,"budget":12000000,"language":"en","popularity":14071,"vote.average":7.2,"vote.count":2047,"release.date":"1988-12-02","genre":35,"certification":"PG-13","genre_txt":"Comedy","year":1988,"lustrum":"85-89","decade":"80-89","log_budget":7.0792,"log_rev":7.8963,"id":"37136","pop_cat":"Middle-high","rating_cat":"Middle","rev_mill":78.76},{"X.1":141,"film":"The Naked Gun 2ÃÂ½ The Smell of Fear","revenue":86930411,"budget":23000000,"language":"en","popularity":14041,"vote.average":6.8,"vote.count":1158,"release.date":"1991-06-28","genre":35,"certification":"PG-13","genre_txt":"Comedy","year":1991,"lustrum":"90-94","decade":"90-99","log_budget":7.3617,"log_rev":7.9392,"id":"37137","pop_cat":"Middle-high","rating_cat":"Middle","rev_mill":86.93},{"X.1":142,"film":"The Other Boleyn Girl","revenue":78269970,"budget":35000000,"language":"en","popularity":14006,"vote.average":6.6,"vote.count":1193,"release.date":"2008-02-28","genre":18,"certification":"PG-13","genre_txt":"Drama","year":2008,"lustrum":"05-09","decade":"00-09","log_budget":7.5441,"log_rev":7.8936,"id":"12184","pop_cat":"Middle-high","rating_cat":"Middle","rev_mill":78.27},{"X.1":143,"film":"The Nightmare Before Christmas","revenue":75634409,"budget":18000000,"language":"en","popularity":13965,"vote.average":7.8,"vote.count":5438,"release.date":"1993-10-09","genre":16,"certification":"PG","genre_txt":"Animation","year":1993,"lustrum":"90-94","decade":"90-99","log_budget":7.2553,"log_rev":7.8787,"id":"9479","pop_cat":"Middle-high","rating_cat":"Middle-High","rev_mill":75.63},{"X.1":144,"film":"The NeverEnding Story","revenue":20158808,"budget":27000000,"language":"en","popularity":13928,"vote.average":7.2,"vote.count":2252,"release.date":"1984-04-05","genre":18,"certification":"PG","genre_txt":"Drama","year":1984,"lustrum":"80-84","decade":"80-89","log_budget":7.4314,"log_rev":7.3045,"id":"34584","pop_cat":"Middle-high","rating_cat":"Middle","rev_mill":20.16},{"X.1":145,"film":"Labyrinth","revenue":12729917,"budget":25000000,"language":"en","popularity":13902,"vote.average":7.2,"vote.count":1264,"release.date":"1986-06-27","genre":12,"certification":"PG","genre_txt":"Adventure","year":1986,"lustrum":"85-89","decade":"80-89","log_budget":7.3979,"log_rev":7.1048,"id":"13597","pop_cat":"Middle-high","rating_cat":"Middle","rev_mill":12.73},{"X.1":146,"film":"The Hunchback of Notre Dame","revenue":100138851,"budget":100000000,"language":"en","popularity":13893,"vote.average":7,"vote.count":3104,"release.date":"1996-06-21","genre":18,"certification":"G","genre_txt":"Drama","year":1996,"lustrum":"95-99","decade":"90-99","log_budget":8,"log_rev":8.0006,"id":"10545","pop_cat":"Middle-high","rating_cat":"Middle","rev_mill":100.14},{"X.1":147,"film":"The Land Before Time","revenue":84460846,"budget":12300000,"language":"en","popularity":13832,"vote.average":7,"vote.count":1599,"release.date":"1988-11-18","genre":16,"certification":"G","genre_txt":"Animation","year":1988,"lustrum":"85-89","decade":"80-89","log_budget":7.0899,"log_rev":7.9267,"id":"12144","pop_cat":"Middle-high","rating_cat":"Middle","rev_mill":84.46},{"X.1":148,"film":"The Girl with the Dragon Tattoo","revenue":109421911,"budget":13000000,"language":"sv","popularity":13756,"vote.average":7.5,"vote.count":1797,"release.date":"2009-02-27","genre":80,"certification":"R","genre_txt":"Crime","year":2009,"lustrum":"05-09","decade":"00-09","log_budget":7.1139,"log_rev":8.0391,"id":"15472","pop_cat":"Middle-high","rating_cat":"Middle-High","rev_mill":109.42},{"X.1":149,"film":"Power Rangers","revenue":142337240,"budget":100000000,"language":"en","popularity":13692,"vote.average":6.2,"vote.count":2986,"release.date":"2017-03-23","genre":28,"certification":"PG-13","genre_txt":"Action","year":2017,"lustrum":"14-19","decade":"10-19","log_budget":8,"log_rev":8.1533,"id":"305470","pop_cat":"Middle-high","rating_cat":"Middle","rev_mill":142.34},{"X.1":150,"film":"The Sting","revenue":159616327,"budget":5500000,"language":"en","popularity":13632,"vote.average":8.1,"vote.count":1285,"release.date":"1973-12-25","genre":35,"certification":"PG","genre_txt":"Comedy","year":1973,"lustrum":"70-74","decade":"70-79","log_budget":6.7404,"log_rev":8.2031,"id":"9277","pop_cat":"Middle-high","rating_cat":"High","rev_mill":159.62},{"X.1":151,"film":"Home Alone 3","revenue":79082515,"budget":32000000,"language":"en","popularity":13632,"vote.average":5.2,"vote.count":1726,"release.date":"1997-12-12","genre":35,"certification":"PG","genre_txt":"Comedy","year":1997,"lustrum":"95-99","decade":"90-99","log_budget":7.5051,"log_rev":7.8981,"id":"9714","pop_cat":"Middle-high","rating_cat":"Low","rev_mill":79.08},{"X.1":152,"film":"Monsters vs Aliens","revenue":381509870,"budget":175000000,"language":"en","popularity":13625,"vote.average":6.1,"vote.count":2922,"release.date":"2009-03-19","genre":12,"certification":"PG","genre_txt":"Adventure","year":2009,"lustrum":"05-09","decade":"00-09","log_budget":8.243,"log_rev":8.5815,"id":"15512","pop_cat":"Middle-high","rating_cat":"Middle","rev_mill":381.51},{"X.1":153,"film":"Sherlock Holmes","revenue":524028679,"budget":90000000,"language":"en","popularity":13625,"vote.average":7.2,"vote.count":9928,"release.date":"2009-12-23","genre":28,"certification":"PG-13","genre_txt":"Action","year":2009,"lustrum":"05-09","decade":"00-09","log_budget":7.9542,"log_rev":8.7194,"id":"10528","pop_cat":"Middle-high","rating_cat":"Middle","rev_mill":524.03},{"X.1":154,"film":"Dilwale Dulhania Le Jayenge","revenue":100000000,"budget":13200000,"language":"hi","popularity":13443,"vote.average":8.8,"vote.count":2216,"release.date":"1995-10-20","genre":35,"certification":"R","genre_txt":"Comedy","year":1995,"lustrum":"95-99","decade":"90-99","log_budget":7.1206,"log_rev":8,"id":"19404","pop_cat":"Middle-high","rating_cat":"High","rev_mill":100},{"X.1":155,"film":"Hot Shots","revenue":181096164,"budget":26000000,"language":"en","popularity":13166,"vote.average":6.5,"vote.count":1123,"release.date":"1991-07-31","genre":28,"certification":"PG-13","genre_txt":"Action","year":1991,"lustrum":"90-94","decade":"90-99","log_budget":7.415,"log_rev":8.2579,"id":"9595","pop_cat":"Middle-high","rating_cat":"Middle","rev_mill":181.1},{"X.1":156,"film":"Naked Gun 33Ã¢ÂÂ The Final Insult","revenue":51132598,"budget":30000000,"language":"en","popularity":13062,"vote.average":6.5,"vote.count":1104,"release.date":"1994-03-18","genre":35,"certification":"PG-13","genre_txt":"Comedy","year":1994,"lustrum":"90-94","decade":"90-99","log_budget":7.4771,"log_rev":7.7087,"id":"36593","pop_cat":"Middle-high","rating_cat":"Middle","rev_mill":51.13},{"X.1":157,"film":"The Hurt Locker","revenue":42000000,"budget":15000000,"language":"en","popularity":13062,"vote.average":7.3,"vote.count":3453,"release.date":"2008-10-10","genre":18,"certification":"R","genre_txt":"Drama","year":2008,"lustrum":"05-09","decade":"00-09","log_budget":7.1761,"log_rev":7.6232,"id":"12162","pop_cat":"Middle-high","rating_cat":"Middle","rev_mill":42},{"X.1":158,"film":"Basic","revenue":42792561,"budget":50000000,"language":"en","popularity":13019,"vote.average":6.5,"vote.count":561,"release.date":"2003-04-18","genre":28,"certification":"R","genre_txt":"Action","year":2003,"lustrum":"00-04","decade":"00-09","log_budget":7.699,"log_rev":7.6314,"id":"10782","pop_cat":"Middle-high","rating_cat":"Middle","rev_mill":42.79},{"X.1":159,"film":"The Adventures of Sharkboy and Lavagirl","revenue":69425966,"budget":50000000,"language":"en","popularity":13004,"vote.average":4.8,"vote.count":785,"release.date":"2005-06-10","genre":12,"certification":"PG","genre_txt":"Adventure","year":2005,"lustrum":"05-09","decade":"00-09","log_budget":7.699,"log_rev":7.8415,"id":"14199","pop_cat":"Middle-high","rating_cat":"Low","rev_mill":69.43},{"X.1":160,"film":"This Is Spinal Tap","revenue":4736202,"budget":2500000,"language":"en","popularity":12912,"vote.average":7.6,"vote.count":805,"release.date":"1984-05-04","genre":35,"certification":"R","genre_txt":"Comedy","year":1984,"lustrum":"80-84","decade":"80-89","log_budget":6.3979,"log_rev":6.6754,"id":"11031","pop_cat":"Middle-high","rating_cat":"Middle-High","rev_mill":4.74},{"X.1":161,"film":"Billy Madison","revenue":26488734,"budget":10000000,"language":"en","popularity":12835,"vote.average":6.1,"vote.count":907,"release.date":"1995-02-10","genre":35,"certification":"PG-13","genre_txt":"Comedy","year":1995,"lustrum":"95-99","decade":"90-99","log_budget":7,"log_rev":7.4231,"id":"11017","pop_cat":"Middle-high","rating_cat":"Middle","rev_mill":26.49},{"X.1":162,"film":"Caligula","revenue":23438120,"budget":17500000,"language":"en","popularity":12828,"vote.average":5.4,"vote.count":313,"release.date":"1979-01-21","genre":18,"certification":"R","genre_txt":"Drama","year":1979,"lustrum":"75-79","decade":"70-79","log_budget":7.243,"log_rev":7.3699,"id":"9453","pop_cat":"Middle-high","rating_cat":"Low","rev_mill":23.44},{"X.1":163,"film":"Horton Hears a Who","revenue":297138014,"budget":85000000,"language":"en","popularity":12801,"vote.average":6.3,"vote.count":2011,"release.date":"2008-03-03","genre":12,"certification":"G","genre_txt":"Adventure","year":2008,"lustrum":"05-09","decade":"00-09","log_budget":7.9294,"log_rev":8.473,"id":"12222","pop_cat":"Middle-high","rating_cat":"Middle","rev_mill":297.14},{"X.1":164,"film":"xXx State of the Union","revenue":71073932,"budget":60000000,"language":"en","popularity":12786,"vote.average":4.8,"vote.count":1101,"release.date":"2005-04-27","genre":28,"certification":"PG-13","genre_txt":"Action","year":2005,"lustrum":"05-09","decade":"00-09","log_budget":7.7782,"log_rev":7.8517,"id":"11679","pop_cat":"Middle-high","rating_cat":"Low","rev_mill":71.07},{"X.1":165,"film":"The Rocky Horror Picture Show","revenue":112892319,"budget":1200000,"language":"en","popularity":12758,"vote.average":7.6,"vote.count":1590,"release.date":"1975-08-14","genre":35,"certification":"R","genre_txt":"Comedy","year":1975,"lustrum":"75-79","decade":"70-79","log_budget":6.0792,"log_rev":8.0527,"id":"36685","pop_cat":"Middle-high","rating_cat":"Middle-High","rev_mill":112.89},{"X.1":166,"film":"Never Say Never Again","revenue":160000000,"budget":36000000,"language":"en","popularity":12753,"vote.average":6.1,"vote.count":708,"release.date":"1983-10-07","genre":28,"certification":"PG","genre_txt":"Action","year":1983,"lustrum":"80-84","decade":"80-89","log_budget":7.5563,"log_rev":8.2041,"id":"36670","pop_cat":"Middle-high","rating_cat":"Middle","rev_mill":160},{"X.1":167,"film":"Commando","revenue":57500000,"budget":10000000,"language":"en","popularity":12736,"vote.average":6.6,"vote.count":1473,"release.date":"1985-10-03","genre":28,"certification":"R","genre_txt":"Action","year":1985,"lustrum":"85-89","decade":"80-89","log_budget":7,"log_rev":7.7597,"id":"10999","pop_cat":"Middle-high","rating_cat":"Middle","rev_mill":57.5},{"X.1":168,"film":"Jigsaw","revenue":102952888,"budget":10000000,"language":"en","popularity":12698,"vote.average":6.1,"vote.count":2166,"release.date":"2017-10-26","genre":80,"certification":"R","genre_txt":"Crime","year":2017,"lustrum":"14-19","decade":"10-19","log_budget":7,"log_rev":8.0126,"id":"298250","pop_cat":"Middle-high","rating_cat":"Middle","rev_mill":102.95},{"X.1":169,"film":"GForce","revenue":292817841,"budget":150000000,"language":"en","popularity":12573,"vote.average":5.2,"vote.count":1078,"release.date":"2009-07-21","genre":28,"certification":"PG","genre_txt":"Action","year":2009,"lustrum":"05-09","decade":"00-09","log_budget":8.1761,"log_rev":8.4666,"id":"19585","pop_cat":"Middle-high","rating_cat":"Low","rev_mill":292.82},{"X.1":170,"film":"Bride of Chucky","revenue":50671850,"budget":25000000,"language":"en","popularity":12569,"vote.average":5.7,"vote.count":860,"release.date":"1998-10-16","genre":27,"certification":"R","genre_txt":"Horror","year":1998,"lustrum":"95-99","decade":"90-99","log_budget":7.3979,"log_rev":7.7048,"id":"11932","pop_cat":"Middle-high","rating_cat":"Low-middle","rev_mill":50.67},{"X.1":171,"film":"Barry Lyndon","revenue":20000000,"budget":11000000,"language":"en","popularity":12561,"vote.average":8,"vote.count":1361,"release.date":"1975-11-26","genre":18,"certification":"PG","genre_txt":"Drama","year":1975,"lustrum":"75-79","decade":"70-79","log_budget":7.0414,"log_rev":7.301,"id":"3175","pop_cat":"Middle-high","rating_cat":"High","rev_mill":20},{"X.1":172,"film":"South Park Bigger Longer  Uncut","revenue":78608288,"budget":21000000,"language":"en","popularity":12449,"vote.average":7.1,"vote.count":1608,"release.date":"1999-06-30","genre":16,"certification":"R","genre_txt":"Animation","year":1999,"lustrum":"95-99","decade":"90-99","log_budget":7.3222,"log_rev":7.8955,"id":"9473","pop_cat":"Middle-high","rating_cat":"Middle","rev_mill":78.61},{"X.1":173,"film":"Death Wish","revenue":34017028,"budget":30000000,"language":"en","popularity":12425,"vote.average":5.9,"vote.count":1435,"release.date":"2018-03-02","genre":28,"certification":"R","genre_txt":"Action","year":2018,"lustrum":"14-19","decade":"10-19","log_budget":7.4771,"log_rev":7.5317,"id":"395990","pop_cat":"Middle-high","rating_cat":"Low-middle","rev_mill":34.02},{"X.1":174,"film":"Angels  Demons","revenue":356613439,"budget":150000000,"language":"en","popularity":12346,"vote.average":6.6,"vote.count":4396,"release.date":"2009-05-13","genre":9648,"certification":"PG-13","genre_txt":"Mystery","year":2009,"lustrum":"05-09","decade":"00-09","log_budget":8.1761,"log_rev":8.5522,"id":"13448","pop_cat":"Middle-high","rating_cat":"Middle","rev_mill":356.61},{"X.1":175,"film":"Blazing Saddles","revenue":119601481,"budget":2600000,"language":"en","popularity":12336,"vote.average":7.3,"vote.count":1050,"release.date":"1974-02-07","genre":35,"certification":"R","genre_txt":"Comedy","year":1974,"lustrum":"70-74","decade":"70-79","log_budget":6.415,"log_rev":8.0777,"id":"11072","pop_cat":"Middle-high","rating_cat":"Middle","rev_mill":119.6},{"X.1":176,"film":"The Rescuers","revenue":71215869,"budget":1200000,"language":"en","popularity":12295,"vote.average":6.8,"vote.count":1526,"release.date":"1977-06-22","genre":12,"certification":"G","genre_txt":"Adventure","year":1977,"lustrum":"75-79","decade":"70-79","log_budget":6.0792,"log_rev":7.8526,"id":"11319","pop_cat":"Middle-high","rating_cat":"Middle","rev_mill":71.22},{"X.1":177,"film":"Ladder 49","revenue":74541707,"budget":60000000,"language":"en","popularity":12268,"vote.average":6.3,"vote.count":423,"release.date":"2004-10-01","genre":28,"certification":"PG-13","genre_txt":"Action","year":2004,"lustrum":"00-04","decade":"00-09","log_budget":7.7782,"log_rev":7.8724,"id":"11128","pop_cat":"Middle-high","rating_cat":"Middle","rev_mill":74.54},{"X.1":178,"film":"Demolition Man","revenue":159055768,"budget":57000000,"language":"en","popularity":12205,"vote.average":6.5,"vote.count":1961,"release.date":"1993-10-08","genre":80,"certification":"R","genre_txt":"Crime","year":1993,"lustrum":"90-94","decade":"90-99","log_budget":7.7559,"log_rev":8.2015,"id":"9739","pop_cat":"Middle-high","rating_cat":"Middle","rev_mill":159.06},{"X.1":179,"film":"Youve Got Mail","revenue":250821495,"budget":65000000,"language":"en","popularity":12165,"vote.average":6.6,"vote.count":1896,"release.date":"1998-12-17","genre":35,"certification":"PG","genre_txt":"Comedy","year":1998,"lustrum":"95-99","decade":"90-99","log_budget":7.8129,"log_rev":8.3994,"id":"9489","pop_cat":"Middle-high","rating_cat":"Middle","rev_mill":250.82},{"X.1":180,"film":"The SpongeBob SquarePants Movie","revenue":140161792,"budget":30000000,"language":"en","popularity":12139,"vote.average":6.7,"vote.count":1485,"release.date":"2004-11-14","genre":16,"certification":"PG","genre_txt":"Animation","year":2004,"lustrum":"00-04","decade":"00-09","log_budget":7.4771,"log_rev":8.1466,"id":"11836","pop_cat":"Middle-high","rating_cat":"Middle","rev_mill":140.16},{"X.1":181,"film":"The Road to El Dorado","revenue":76432727,"budget":95000000,"language":"en","popularity":11967,"vote.average":7.1,"vote.count":2229,"release.date":"2000-03-31","genre":12,"certification":"PG","genre_txt":"Adventure","year":2000,"lustrum":"00-04","decade":"00-09","log_budget":7.9777,"log_rev":7.8833,"id":"10501","pop_cat":"Middle-high","rating_cat":"Middle","rev_mill":76.43},{"X.1":182,"film":"The Texas Chain Saw Massacre","revenue":30859000,"budget":85000,"language":"en","popularity":11941,"vote.average":7.3,"vote.count":1473,"release.date":"1974-10-01","genre":27,"certification":"R","genre_txt":"Horror","year":1974,"lustrum":"70-74","decade":"70-79","log_budget":4.9294,"log_rev":7.4894,"id":"30497","pop_cat":"Middle-high","rating_cat":"Middle","rev_mill":30.86},{"X.1":183,"film":"Heavy Metal","revenue":546545,"budget":9300000,"language":"en","popularity":11934,"vote.average":6.4,"vote.count":320,"release.date":"1981-08-07","genre":16,"certification":"R","genre_txt":"Animation","year":1981,"lustrum":"80-84","decade":"80-89","log_budget":6.9685,"log_rev":5.7376,"id":"11827","pop_cat":"Middle-high","rating_cat":"Middle","rev_mill":0.55},{"X.1":184,"film":"Dinosaur","revenue":354248063,"budget":127500000,"language":"en","popularity":11927,"vote.average":6.4,"vote.count":1376,"release.date":"2000-05-19","genre":16,"certification":"PG","genre_txt":"Animation","year":2000,"lustrum":"00-04","decade":"00-09","log_budget":8.1055,"log_rev":8.5493,"id":"10567","pop_cat":"Middle-high","rating_cat":"Middle","rev_mill":354.25},{"X.1":185,"film":"You Dont Mess with the Zohan","revenue":201596308,"budget":90000000,"language":"en","popularity":11898,"vote.average":5.5,"vote.count":2239,"release.date":"2008-06-05","genre":28,"certification":"PG-13","genre_txt":"Action","year":2008,"lustrum":"05-09","decade":"00-09","log_budget":7.9542,"log_rev":8.3045,"id":"10661","pop_cat":"Middle-high","rating_cat":"Low-middle","rev_mill":201.6},{"X.1":186,"film":"Frequency","revenue":68106245,"budget":31000000,"language":"en","popularity":11809,"vote.average":7.1,"vote.count":935,"release.date":"2000-04-28","genre":80,"certification":"PG-13","genre_txt":"Crime","year":2000,"lustrum":"00-04","decade":"00-09","log_budget":7.4914,"log_rev":7.8332,"id":"10559","pop_cat":"Middle-high","rating_cat":"Middle","rev_mill":68.11},{"X.1":187,"film":"The Haunting","revenue":91188905,"budget":80000000,"language":"en","popularity":11761,"vote.average":5.3,"vote.count":773,"release.date":"1999-07-23","genre":14,"certification":"PG-13","genre_txt":"Fantasy","year":1999,"lustrum":"95-99","decade":"90-99","log_budget":7.9031,"log_rev":7.9599,"id":"11618","pop_cat":"Middle-high","rating_cat":"Low","rev_mill":91.19},{"X.1":188,"film":"District 9","revenue":210819611,"budget":30000000,"language":"en","popularity":11725,"vote.average":7.4,"vote.count":6052,"release.date":"2009-08-05","genre":878,"certification":"R","genre_txt":"Science Fiction","year":2009,"lustrum":"05-09","decade":"00-09","log_budget":7.4771,"log_rev":8.3239,"id":"17654","pop_cat":"Middle-high","rating_cat":"Middle","rev_mill":210.82},{"X.1":189,"film":"The Boy in the Striped Pyjamas","revenue":20416563,"budget":12500000,"language":"en","popularity":11622,"vote.average":7.8,"vote.count":4087,"release.date":"2008-05-07","genre":18,"certification":"PG-13","genre_txt":"Drama","year":2008,"lustrum":"05-09","decade":"00-09","log_budget":7.0969,"log_rev":7.31,"id":"14574","pop_cat":"Middle-high","rating_cat":"Middle-High","rev_mill":20.42},{"X.1":190,"film":"Fritz the Cat","revenue":100000000,"budget":850000,"language":"en","popularity":11562,"vote.average":6.2,"vote.count":133,"release.date":"1972-04-12","genre":16,"certification":"NC-17","genre_txt":"Animation","year":1972,"lustrum":"70-74","decade":"70-79","log_budget":5.9294,"log_rev":8,"id":"12593","pop_cat":"Middle-high","rating_cat":"Middle","rev_mill":100},{"X.1":191,"film":"Tales from Earthsea","revenue":68000000,"budget":22000000,"language":"ja","popularity":11517,"vote.average":6.7,"vote.count":647,"release.date":"2006-07-29","genre":12,"certification":"PG-13","genre_txt":"Adventure","year":2006,"lustrum":"05-09","decade":"00-09","log_budget":7.3424,"log_rev":7.8325,"id":"37933","pop_cat":"Middle-high","rating_cat":"Middle","rev_mill":68},{"X.1":192,"film":"New Nightmare","revenue":18090181,"budget":14000000,"language":"en","popularity":11455,"vote.average":6.5,"vote.count":697,"release.date":"1994-10-13","genre":14,"certification":"R","genre_txt":"Fantasy","year":1994,"lustrum":"90-94","decade":"90-99","log_budget":7.1461,"log_rev":7.2574,"id":"11596","pop_cat":"Middle-high","rating_cat":"Middle","rev_mill":18.09},{"X.1":193,"film":"The Black Cauldron","revenue":21288692,"budget":25000000,"language":"en","popularity":11439,"vote.average":6.5,"vote.count":634,"release.date":"1985-07-24","genre":12,"certification":"PG","genre_txt":"Adventure","year":1985,"lustrum":"85-89","decade":"80-89","log_budget":7.3979,"log_rev":7.3281,"id":"10957","pop_cat":"Middle-high","rating_cat":"Middle","rev_mill":21.29},{"X.1":194,"film":"Not Another Teen Movie","revenue":66468332,"budget":16000000,"language":"en","popularity":11412,"vote.average":5.5,"vote.count":1057,"release.date":"2001-12-07","genre":35,"certification":"R","genre_txt":"Comedy","year":2001,"lustrum":"00-04","decade":"00-09","log_budget":7.2041,"log_rev":7.8226,"id":"11397","pop_cat":"Middle-high","rating_cat":"Low-middle","rev_mill":66.47},{"X.1":195,"film":"Last Action Hero","revenue":137298489,"budget":85000000,"language":"en","popularity":11275,"vote.average":6.3,"vote.count":1449,"release.date":"1993-06-18","genre":12,"certification":"PG-13","genre_txt":"Adventure","year":1993,"lustrum":"90-94","decade":"90-99","log_budget":7.9294,"log_rev":8.1377,"id":"9593","pop_cat":"Middle-high","rating_cat":"Middle","rev_mill":137.3},{"X.1":196,"film":"Childs Play","revenue":44196684,"budget":9000000,"language":"en","popularity":11262,"vote.average":6.5,"vote.count":1446,"release.date":"1988-11-08","genre":27,"certification":"R","genre_txt":"Horror","year":1988,"lustrum":"85-89","decade":"80-89","log_budget":6.9542,"log_rev":7.6454,"id":"10585","pop_cat":"Middle-high","rating_cat":"Middle","rev_mill":44.2},{"X.1":197,"film":"Stripes","revenue":85300000,"budget":10000000,"language":"en","popularity":11241,"vote.average":6.6,"vote.count":478,"release.date":"1981-06-25","genre":28,"certification":"R","genre_txt":"Action","year":1981,"lustrum":"80-84","decade":"80-89","log_budget":7,"log_rev":7.9309,"id":"10890","pop_cat":"Middle-high","rating_cat":"Middle","rev_mill":85.3},{"X.1":198,"film":"Superhero Movie","revenue":25871834,"budget":35000000,"language":"en","popularity":11224,"vote.average":5.1,"vote.count":990,"release.date":"2008-03-27","genre":28,"certification":"PG-13","genre_txt":"Action","year":2008,"lustrum":"05-09","decade":"00-09","log_budget":7.5441,"log_rev":7.4128,"id":"11918","pop_cat":"Middle-high","rating_cat":"Low","rev_mill":25.87},{"X.1":199,"film":"Police Academy 2 Their First Assignment","revenue":55600000,"budget":7600000,"language":"en","popularity":11142,"vote.average":6,"vote.count":776,"release.date":"1985-03-28","genre":35,"certification":"PG-13","genre_txt":"Comedy","year":1985,"lustrum":"85-89","decade":"80-89","log_budget":6.8808,"log_rev":7.7451,"id":"10157","pop_cat":"Middle-high","rating_cat":"Middle","rev_mill":55.6},{"X.1":200,"film":"Twisted","revenue":25195000,"budget":50000000,"language":"en","popularity":11092,"vote.average":5.4,"vote.count":273,"release.date":"2004-02-27","genre":28,"certification":"R","genre_txt":"Action","year":2004,"lustrum":"00-04","decade":"00-09","log_budget":7.699,"log_rev":7.4013,"id":"13572","pop_cat":"Middle-high","rating_cat":"Low","rev_mill":25.2},{"X.1":201,"film":"The Ruins","revenue":22700000,"budget":8000000,"language":"en","popularity":11076,"vote.average":5.7,"vote.count":559,"release.date":"2008-04-02","genre":27,"certification":"R","genre_txt":"Horror","year":2008,"lustrum":"05-09","decade":"00-09","log_budget":6.9031,"log_rev":7.356,"id":"11152","pop_cat":"Middle-high","rating_cat":"Low-middle","rev_mill":22.7},{"X.1":202,"film":"PokÃƒÂ©mon The Movie 2000","revenue":163649270,"budget":30000000,"language":"ja","popularity":10993,"vote.average":6.6,"vote.count":457,"release.date":"1999-07-17","genre":12,"certification":"G","genre_txt":"Adventure","year":1999,"lustrum":"95-99","decade":"90-99","log_budget":7.4771,"log_rev":8.2139,"id":"12599","pop_cat":"Middle-high","rating_cat":"Middle","rev_mill":163.65},{"X.1":203,"film":"Nanny McPhee","revenue":122489822,"budget":25000000,"language":"en","popularity":10979,"vote.average":6.6,"vote.count":1961,"release.date":"2005-10-21","genre":35,"certification":"PG","genre_txt":"Comedy","year":2005,"lustrum":"05-09","decade":"00-09","log_budget":7.3979,"log_rev":8.0881,"id":"11283","pop_cat":"Middle-high","rating_cat":"Middle","rev_mill":122.49},{"X.1":204,"film":"A Cinderella Story","revenue":70067909,"budget":19000000,"language":"en","popularity":10967,"vote.average":6.4,"vote.count":2015,"release.date":"2004-07-10","genre":35,"certification":"PG","genre_txt":"Comedy","year":2004,"lustrum":"00-04","decade":"00-09","log_budget":7.2788,"log_rev":7.8455,"id":"11247","pop_cat":"Middle-high","rating_cat":"Middle","rev_mill":70.07},{"X.1":205,"film":"Chain Reaction","revenue":60209334,"budget":50000000,"language":"en","popularity":10938,"vote.average":5.6,"vote.count":538,"release.date":"1996-08-02","genre":28,"certification":"PG-13","genre_txt":"Action","year":1996,"lustrum":"95-99","decade":"90-99","log_budget":7.699,"log_rev":7.7797,"id":"12123","pop_cat":"Middle-high","rating_cat":"Low-middle","rev_mill":60.21},{"X.1":206,"film":"The Count of Monte Cristo","revenue":75395048,"budget":35000000,"language":"en","popularity":10915,"vote.average":7.5,"vote.count":909,"release.date":"2002-01-23","genre":28,"certification":"PG-13","genre_txt":"Action","year":2002,"lustrum":"00-04","decade":"00-09","log_budget":7.5441,"log_rev":7.8773,"id":"11362","pop_cat":"Middle-high","rating_cat":"Middle-High","rev_mill":75.4},{"X.1":207,"film":"Legend","revenue":15502112,"budget":24500000,"language":"en","popularity":10893,"vote.average":6.2,"vote.count":600,"release.date":"1985-07-19","genre":12,"certification":"PG","genre_txt":"Adventure","year":1985,"lustrum":"85-89","decade":"80-89","log_budget":7.3892,"log_rev":7.1904,"id":"11976","pop_cat":"Middle-high","rating_cat":"Middle","rev_mill":15.5},{"X.1":208,"film":"Friday the 13th Part VIII Jason Takes Manhattan","revenue":14000000,"budget":5000000,"language":"en","popularity":10817,"vote.average":4.8,"vote.count":466,"release.date":"1989-07-28","genre":27,"certification":"R","genre_txt":"Horror","year":1989,"lustrum":"85-89","decade":"80-89","log_budget":6.699,"log_rev":7.1461,"id":"10283","pop_cat":"Middle-high","rating_cat":"Low","rev_mill":14},{"X.1":209,"film":"The Last House on the Left","revenue":32721635,"budget":15000000,"language":"en","popularity":10809,"vote.average":6.4,"vote.count":923,"release.date":"2009-03-13","genre":80,"certification":"R","genre_txt":"Crime","year":2009,"lustrum":"05-09","decade":"00-09","log_budget":7.1761,"log_rev":7.5148,"id":"18405","pop_cat":"Middle-high","rating_cat":"Middle","rev_mill":32.72},{"X.1":210,"film":"Darkman","revenue":48878502,"budget":16000000,"language":"en","popularity":10789,"vote.average":6.4,"vote.count":674,"release.date":"1990-08-24","genre":28,"certification":"R","genre_txt":"Action","year":1990,"lustrum":"90-94","decade":"90-99","log_budget":7.2041,"log_rev":7.6891,"id":"9556","pop_cat":"Middle-high","rating_cat":"Middle","rev_mill":48.88},{"X.1":211,"film":"Network","revenue":23689877,"budget":3800000,"language":"en","popularity":10781,"vote.average":7.9,"vote.count":839,"release.date":"1976-11-01","genre":18,"certification":"R","genre_txt":"Drama","year":1976,"lustrum":"75-79","decade":"70-79","log_budget":6.5798,"log_rev":7.3746,"id":"10774","pop_cat":"Middle-high","rating_cat":"Middle-High","rev_mill":23.69},{"X.1":212,"film":"High School Musical 3 Senior Year","revenue":252909177,"budget":11000000,"language":"en","popularity":10725,"vote.average":6.5,"vote.count":2398,"release.date":"2008-10-11","genre":35,"certification":"G","genre_txt":"Comedy","year":2008,"lustrum":"05-09","decade":"00-09","log_budget":7.0414,"log_rev":8.403,"id":"11887","pop_cat":"Middle-high","rating_cat":"Middle","rev_mill":252.91},{"X.1":213,"film":"Candyman","revenue":25792310,"budget":6000000,"language":"en","popularity":10677,"vote.average":6.4,"vote.count":630,"release.date":"1992-09-11","genre":18,"certification":"R","genre_txt":"Drama","year":1992,"lustrum":"90-94","decade":"90-99","log_budget":6.7782,"log_rev":7.4115,"id":"9529","pop_cat":"Middle-high","rating_cat":"Middle","rev_mill":25.79},{"X.1":214,"film":"National Lampoons Vacation","revenue":61399552,"budget":15000000,"language":"en","popularity":10667,"vote.average":7.1,"vote.count":777,"release.date":"1983-07-28","genre":35,"certification":"R","genre_txt":"Comedy","year":1983,"lustrum":"80-84","decade":"80-89","log_budget":7.1761,"log_rev":7.7882,"id":"11153","pop_cat":"Middle-high","rating_cat":"Middle","rev_mill":61.4},{"X.1":215,"film":"Overboard","revenue":26713187,"budget":1880006,"language":"en","popularity":10657,"vote.average":6.8,"vote.count":461,"release.date":"1987-12-16","genre":35,"certification":"PG","genre_txt":"Comedy","year":1987,"lustrum":"85-89","decade":"80-89","log_budget":6.2742,"log_rev":7.4267,"id":"10780","pop_cat":"Middle-high","rating_cat":"Middle","rev_mill":26.71},{"X.1":216,"film":"Anacondas The Hunt for the Blood Orchid","revenue":71,"budget":25,"language":"en","popularity":10656,"vote.average":5.2,"vote.count":480,"release.date":"2004-08-26","genre":28,"certification":"PG-13","genre_txt":"Action","year":2004,"lustrum":"00-04","decade":"00-09","log_budget":1.3979,"log_rev":1.8513,"id":"11237","pop_cat":"Middle-high","rating_cat":"Low","rev_mill":0},{"X.1":217,"film":"Papillon","revenue":53267000,"budget":12000000,"language":"en","popularity":10653,"vote.average":8,"vote.count":971,"release.date":"1973-12-13","genre":80,"certification":"PG","genre_txt":"Crime","year":1973,"lustrum":"70-74","decade":"70-79","log_budget":7.0792,"log_rev":7.7265,"id":"5924","pop_cat":"Middle-high","rating_cat":"High","rev_mill":53.27},{"X.1":218,"film":"Matilda","revenue":33459416,"budget":36000000,"language":"en","popularity":10649,"vote.average":7.1,"vote.count":2446,"release.date":"1996-08-02","genre":35,"certification":"PG","genre_txt":"Comedy","year":1996,"lustrum":"95-99","decade":"90-99","log_budget":7.5563,"log_rev":7.5245,"id":"10830","pop_cat":"Middle-high","rating_cat":"Middle","rev_mill":33.46},{"X.1":219,"film":"Fantasia 2000","revenue":90874570,"budget":80000000,"language":"en","popularity":10603,"vote.average":7.1,"vote.count":736,"release.date":"1999-12-17","genre":16,"certification":"G","genre_txt":"Animation","year":1999,"lustrum":"95-99","decade":"90-99","log_budget":7.9031,"log_rev":7.9584,"id":"49948","pop_cat":"Middle-high","rating_cat":"Middle","rev_mill":90.87},{"X.1":220,"film":"Into the Blue","revenue":44434439,"budget":50000000,"language":"en","popularity":10554,"vote.average":5.8,"vote.count":910,"release.date":"2005-09-30","genre":28,"certification":"PG-13","genre_txt":"Action","year":2005,"lustrum":"05-09","decade":"00-09","log_budget":7.699,"log_rev":7.6477,"id":"11968","pop_cat":"Middle-high","rating_cat":"Low-middle","rev_mill":44.43},{"X.1":221,"film":"Patriot Games","revenue":178051587,"budget":45000000,"language":"en","popularity":10533,"vote.average":6.6,"vote.count":841,"release.date":"1992-06-04","genre":28,"certification":"R","genre_txt":"Action","year":1992,"lustrum":"90-94","decade":"90-99","log_budget":7.6532,"log_rev":8.2505,"id":"9869","pop_cat":"Middle-high","rating_cat":"Middle","rev_mill":178.05},{"X.1":222,"film":"Only the Brave","revenue":25754775,"budget":38000000,"language":"en","popularity":10531,"vote.average":7.1,"vote.count":737,"release.date":"2017-09-22","genre":18,"certification":"PG-13","genre_txt":"Drama","year":2017,"lustrum":"14-19","decade":"10-19","log_budget":7.5798,"log_rev":7.4109,"id":"395991","pop_cat":"Middle-high","rating_cat":"Middle","rev_mill":25.75},{"X.1":223,"film":"Osmosis Jones","revenue":13596911,"budget":75000000,"language":"en","popularity":10505,"vote.average":6.1,"vote.count":560,"release.date":"2001-08-07","genre":28,"certification":"PG","genre_txt":"Action","year":2001,"lustrum":"00-04","decade":"00-09","log_budget":7.8751,"log_rev":7.1334,"id":"12610","pop_cat":"Middle-high","rating_cat":"Middle","rev_mill":13.6},{"X.1":224,"film":"Dogtooth","revenue":110197,"budget":275576,"language":"el","popularity":10488,"vote.average":7.2,"vote.count":918,"release.date":"2009-06-01","genre":18,"genre_txt":"Drama","year":2009,"lustrum":"05-09","decade":"00-09","log_budget":5.4402,"log_rev":5.0422,"id":"38810","pop_cat":"Middle-high","rating_cat":"Middle","rev_mill":0.11},{"X.1":225,"film":"Bitter Moon","revenue":1862805,"budget":5000000,"language":"en","popularity":10475,"vote.average":7.1,"vote.count":292,"release.date":"1992-09-02","genre":53,"certification":"R","genre_txt":"Thriller","year":1992,"lustrum":"90-94","decade":"90-99","log_budget":6.699,"log_rev":6.2702,"id":"10497","pop_cat":"Middle-high","rating_cat":"Middle","rev_mill":1.86},{"X.1":226,"film":"Outlander","revenue":7033683,"budget":50000000,"language":"en","popularity":10382,"vote.average":6.2,"vote.count":642,"release.date":"2008-04-24","genre":28,"certification":"R","genre_txt":"Action","year":2008,"lustrum":"05-09","decade":"00-09","log_budget":7.699,"log_rev":6.8472,"id":"10529","pop_cat":"Middle-high","rating_cat":"Middle","rev_mill":7.03},{"X.1":227,"film":"Convoy","revenue":22765081,"budget":12000000,"language":"en","popularity":10375,"vote.average":6.2,"vote.count":150,"release.date":"1978-06-27","genre":28,"certification":"PG","genre_txt":"Action","year":1978,"lustrum":"75-79","decade":"70-79","log_budget":7.0792,"log_rev":7.3573,"id":"9584","pop_cat":"Middle-high","rating_cat":"Middle","rev_mill":22.77},{"X.1":228,"film":"Ran","revenue":4069653,"budget":11500000,"language":"ja","popularity":10333,"vote.average":8.1,"vote.count":699,"release.date":"1985-06-01","genre":28,"certification":"R","genre_txt":"Action","year":1985,"lustrum":"85-89","decade":"80-89","log_budget":7.0607,"log_rev":6.6096,"id":"11645","pop_cat":"Middle-high","rating_cat":"High","rev_mill":4.07},{"X.1":229,"film":"Judge Dredd","revenue":113493481,"budget":90000000,"language":"en","popularity":10306,"vote.average":5.6,"vote.count":1346,"release.date":"1995-06-30","genre":878,"certification":"R","genre_txt":"Science Fiction","year":1995,"lustrum":"95-99","decade":"90-99","log_budget":7.9542,"log_rev":8.055,"id":"9482","pop_cat":"Middle-high","rating_cat":"Low-middle","rev_mill":113.49},{"X.1":230,"film":"Freddys Dead The Final Nightmare","revenue":34872033,"budget":11000000,"language":"en","popularity":10276,"vote.average":5.2,"vote.count":641,"release.date":"1991-09-05","genre":27,"certification":"R","genre_txt":"Horror","year":1991,"lustrum":"90-94","decade":"90-99","log_budget":7.0414,"log_rev":7.5425,"id":"11284","pop_cat":"Middle-high","rating_cat":"Low","rev_mill":34.87},{"X.1":231,"film":"High Crimes","revenue":63781810,"budget":42000000,"language":"en","popularity":10255,"vote.average":6.2,"vote.count":395,"release.date":"2002-04-05","genre":18,"certification":"PG-13","genre_txt":"Drama","year":2002,"lustrum":"00-04","decade":"00-09","log_budget":7.6232,"log_rev":7.8047,"id":"11560","pop_cat":"Middle-high","rating_cat":"Middle","rev_mill":63.78},{"X.1":232,"film":"Daylight","revenue":159212469,"budget":80000000,"language":"en","popularity":10253,"vote.average":6,"vote.count":824,"release.date":"1996-12-06","genre":28,"certification":"PG-13","genre_txt":"Action","year":1996,"lustrum":"95-99","decade":"90-99","log_budget":7.9031,"log_rev":8.202,"id":"11228","pop_cat":"Middle-high","rating_cat":"Middle","rev_mill":159.21},{"X.1":233,"film":"The Outlaw Josey Wales","revenue":31800000,"budget":3700000,"language":"en","popularity":10249,"vote.average":7.5,"vote.count":562,"release.date":"1976-06-30","genre":28,"certification":"PG","genre_txt":"Action","year":1976,"lustrum":"75-79","decade":"70-79","log_budget":6.5682,"log_rev":7.5024,"id":"10747","pop_cat":"Middle-high","rating_cat":"Middle-High","rev_mill":31.8},{"X.1":234,"film":"Street Fighter","revenue":99423521,"budget":35000000,"language":"en","popularity":10248,"vote.average":4.3,"vote.count":757,"release.date":"1994-12-23","genre":28,"certification":"PG-13","genre_txt":"Action","year":1994,"lustrum":"90-94","decade":"90-99","log_budget":7.5441,"log_rev":7.9975,"id":"11667","pop_cat":"Middle-high","rating_cat":"Low","rev_mill":99.42},{"X.1":235,"film":"Rules of Engagement","revenue":71000000,"budget":60000000,"language":"en","popularity":10245,"vote.average":6.1,"vote.count":343,"release.date":"2000-04-07","genre":28,"certification":"R","genre_txt":"Action","year":2000,"lustrum":"00-04","decade":"00-09","log_budget":7.7782,"log_rev":7.8513,"id":"10479","pop_cat":"Middle-high","rating_cat":"Middle","rev_mill":71},{"X.1":236,"film":"The Burbs","revenue":36602000,"budget":18000000,"language":"en","popularity":10243,"vote.average":6.8,"vote.count":628,"release.date":"1989-02-17","genre":35,"certification":"PG","genre_txt":"Comedy","year":1989,"lustrum":"85-89","decade":"80-89","log_budget":7.2553,"log_rev":7.5635,"id":"11974","pop_cat":"Middle-high","rating_cat":"Middle","rev_mill":36.6},{"X.1":237,"film":"Mystery Men","revenue":29762011,"budget":68000000,"language":"en","popularity":10222,"vote.average":5.8,"vote.count":447,"release.date":"1999-08-06","genre":28,"certification":"PG-13","genre_txt":"Action","year":1999,"lustrum":"95-99","decade":"90-99","log_budget":7.8325,"log_rev":7.4737,"id":"9824","pop_cat":"Middle-high","rating_cat":"Low-middle","rev_mill":29.76},{"X.1":238,"film":"The Way of the Dragon","revenue":27000000,"budget":130000,"language":"cn","popularity":10193,"vote.average":7.4,"vote.count":500,"release.date":"1972-06-01","genre":28,"certification":"R","genre_txt":"Action","year":1972,"lustrum":"70-74","decade":"70-79","log_budget":5.1139,"log_rev":7.4314,"id":"9462","pop_cat":"Middle-high","rating_cat":"Middle","rev_mill":27},{"X.1":239,"film":"Daybreakers","revenue":51416464,"budget":20000000,"language":"en","popularity":10151,"vote.average":6.2,"vote.count":1124,"release.date":"2009-09-11","genre":28,"certification":"R","genre_txt":"Action","year":2009,"lustrum":"05-09","decade":"00-09","log_budget":7.301,"log_rev":7.7111,"id":"19901","pop_cat":"Middle-high","rating_cat":"Middle","rev_mill":51.42},{"X.1":240,"film":"Oliver  Company","revenue":74151346,"budget":31000000,"language":"en","popularity":10118,"vote.average":6.7,"vote.count":930,"release.date":"1988-11-18","genre":16,"certification":"G","genre_txt":"Animation","year":1988,"lustrum":"85-89","decade":"80-89","log_budget":7.4914,"log_rev":7.8701,"id":"12233","pop_cat":"Middle-high","rating_cat":"Middle","rev_mill":74.15},{"X.1":241,"film":"Cradle 2 the Grave","revenue":56489558,"budget":25000000,"language":"en","popularity":10114,"vote.average":5.9,"vote.count":454,"release.date":"2003-02-28","genre":28,"certification":"R","genre_txt":"Action","year":2003,"lustrum":"00-04","decade":"00-09","log_budget":7.3979,"log_rev":7.752,"id":"10623","pop_cat":"Middle-high","rating_cat":"Low-middle","rev_mill":56.49},{"X.1":242,"film":"Dantes Peak","revenue":178127760,"budget":116000000,"language":"en","popularity":10044,"vote.average":5.9,"vote.count":930,"release.date":"1997-02-07","genre":28,"certification":"PG-13","genre_txt":"Action","year":1997,"lustrum":"95-99","decade":"90-99","log_budget":8.0645,"log_rev":8.2507,"id":"9619","pop_cat":"Middle-high","rating_cat":"Low-middle","rev_mill":178.13},{"X.1":243,"film":"Childs Play 2","revenue":35763605,"budget":13000000,"language":"en","popularity":10024,"vote.average":6,"vote.count":822,"release.date":"1990-11-09","genre":18,"certification":"R","genre_txt":"Drama","year":1990,"lustrum":"90-94","decade":"90-99","log_budget":7.1139,"log_rev":7.5534,"id":"11186","pop_cat":"Middle-high","rating_cat":"Middle","rev_mill":35.76},{"X.1":244,"film":"Dead Silence","revenue":22217407,"budget":20000000,"language":"en","popularity":10007,"vote.average":6.3,"vote.count":1132,"release.date":"2007-03-16","genre":27,"certification":"R","genre_txt":"Horror","year":2007,"lustrum":"05-09","decade":"00-09","log_budget":7.301,"log_rev":7.3467,"id":"14001","pop_cat":"Middle-high","rating_cat":"Middle","rev_mill":22.22},{"X.1":245,"film":"Planet 51","revenue":104945765,"budget":70000000,"language":"en","popularity":9993,"vote.average":5.7,"vote.count":1244,"release.date":"2009-11-19","genre":12,"certification":"PG","genre_txt":"Adventure","year":2009,"lustrum":"05-09","decade":"00-09","log_budget":7.8451,"log_rev":8.021,"id":"16866","pop_cat":"Middle-high","rating_cat":"Low-middle","rev_mill":104.95},{"X.1":246,"film":"Time Bandits","revenue":42365581,"budget":5000000,"language":"en","popularity":9984,"vote.average":6.7,"vote.count":489,"release.date":"1981-07-13","genre":10751,"certification":"PG","genre_txt":"Family","year":1981,"lustrum":"80-84","decade":"80-89","log_budget":6.699,"log_rev":7.627,"id":"36819","pop_cat":"Middle-high","rating_cat":"Middle","rev_mill":42.37},{"X.1":247,"film":"The Legend of Drunken Master","revenue":11555430,"budget":10000000,"language":"cn","popularity":9973,"vote.average":7.3,"vote.count":439,"release.date":"1994-02-03","genre":28,"certification":"R","genre_txt":"Action","year":1994,"lustrum":"90-94","decade":"90-99","log_budget":7,"log_rev":7.0628,"id":"12207","pop_cat":"Middle-high","rating_cat":"Middle","rev_mill":11.56},{"X.1":248,"film":"Double Jeopardy","revenue":177841558,"budget":70000000,"language":"en","popularity":9937,"vote.average":6.4,"vote.count":603,"release.date":"1999-09-24","genre":53,"certification":"R","genre_txt":"Thriller","year":1999,"lustrum":"95-99","decade":"90-99","log_budget":7.8451,"log_rev":8.25,"id":"10398","pop_cat":"Middle-high","rating_cat":"Middle","rev_mill":177.84},{"X.1":249,"film":"Excalibur","revenue":34967437,"budget":11000000,"language":"en","popularity":9909,"vote.average":7.1,"vote.count":508,"release.date":"1981-04-10","genre":12,"certification":"R","genre_txt":"Adventure","year":1981,"lustrum":"80-84","decade":"80-89","log_budget":7.0414,"log_rev":7.5437,"id":"11527","pop_cat":"Middle-high","rating_cat":"Middle","rev_mill":34.97},{"X.1":250,"film":"Mother","revenue":17112713,"budget":5000000,"language":"ko","popularity":9905,"vote.average":7.8,"vote.count":471,"release.date":"2009-05-28","genre":80,"certification":"R","genre_txt":"Crime","year":2009,"lustrum":"05-09","decade":"00-09","log_budget":6.699,"log_rev":7.2333,"id":"30018","pop_cat":"Middle-high","rating_cat":"Middle-High","rev_mill":17.11},{"X.1":251,"film":"Dr Dolittle 2","revenue":176104344,"budget":70000000,"language":"en","popularity":9878,"vote.average":5.1,"vote.count":1026,"release.date":"2001-06-22","genre":35,"certification":"PG","genre_txt":"Comedy","year":2001,"lustrum":"00-04","decade":"00-09","log_budget":7.8451,"log_rev":8.2458,"id":"10808","pop_cat":"Middle","rating_cat":"Low","rev_mill":176.1},{"X.1":252,"film":"Scent of a Woman","revenue":134095253,"budget":31000000,"language":"en","popularity":9847,"vote.average":7.7,"vote.count":1599,"release.date":"1992-12-23","genre":18,"certification":"R","genre_txt":"Drama","year":1992,"lustrum":"90-94","decade":"90-99","log_budget":7.4914,"log_rev":8.1274,"id":"9475","pop_cat":"Middle","rating_cat":"Middle-High","rev_mill":134.1},{"X.1":253,"film":"The One","revenue":72700000,"budget":49000000,"language":"en","popularity":9822,"vote.average":5.9,"vote.count":820,"release.date":"2001-11-02","genre":28,"certification":"PG-13","genre_txt":"Action","year":2001,"lustrum":"00-04","decade":"00-09","log_budget":7.6902,"log_rev":7.8615,"id":"10796","pop_cat":"Middle","rating_cat":"Low-middle","rev_mill":72.7},{"X.1":254,"film":"The Grinch","revenue":508575295,"budget":75000000,"language":"en","popularity":9811,"vote.average":6.5,"vote.count":1539,"release.date":"2018-11-08","genre":16,"certification":"PG","genre_txt":"Animation","year":2018,"lustrum":"14-19","decade":"10-19","log_budget":7.8751,"log_rev":8.7064,"id":"360920","pop_cat":"Middle","rating_cat":"Middle","rev_mill":508.58},{"X.1":255,"film":"Legally Blonde 2 Red White  Blonde","revenue":124914842,"budget":45000000,"language":"en","popularity":9768,"vote.average":5.5,"vote.count":885,"release.date":"2003-07-02","genre":35,"certification":"PG-13","genre_txt":"Comedy","year":2003,"lustrum":"00-04","decade":"00-09","log_budget":7.6532,"log_rev":8.0966,"id":"10327","pop_cat":"Middle","rating_cat":"Low-middle","rev_mill":124.91},{"X.1":256,"film":"A Nightmare on Elm Street The Dream Child","revenue":22168359,"budget":8000000,"language":"en","popularity":9739,"vote.average":5.4,"vote.count":621,"release.date":"1989-08-11","genre":27,"certification":"R","genre_txt":"Horror","year":1989,"lustrum":"85-89","decade":"80-89","log_budget":6.9031,"log_rev":7.3457,"id":"10160","pop_cat":"Middle","rating_cat":"Low","rev_mill":22.17},{"X.1":257,"film":"Childs Play 3","revenue":20560255,"budget":13000000,"language":"en","popularity":9713,"vote.average":5.7,"vote.count":709,"release.date":"1991-08-30","genre":28,"certification":"R","genre_txt":"Action","year":1991,"lustrum":"90-94","decade":"90-99","log_budget":7.1139,"log_rev":7.313,"id":"11187","pop_cat":"Middle","rating_cat":"Low-middle","rev_mill":20.56},{"X.1":258,"film":"US Marshals","revenue":102367405,"budget":60000000,"language":"en","popularity":9693,"vote.average":6.4,"vote.count":827,"release.date":"1998-03-06","genre":28,"certification":"PG-13","genre_txt":"Action","year":1998,"lustrum":"95-99","decade":"90-99","log_budget":7.7782,"log_rev":8.0102,"id":"11808","pop_cat":"Middle","rating_cat":"Middle","rev_mill":102.37},{"X.1":259,"film":"CryBaby","revenue":8266343,"budget":11000000,"language":"en","popularity":9692,"vote.average":6.4,"vote.count":857,"release.date":"1990-04-05","genre":35,"certification":"PG-13","genre_txt":"Comedy","year":1990,"lustrum":"90-94","decade":"90-99","log_budget":7.0414,"log_rev":6.9173,"id":"9768","pop_cat":"Middle","rating_cat":"Middle","rev_mill":8.27},{"X.1":260,"film":"Punisher War Zone","revenue":10089373,"budget":20500000,"language":"en","popularity":9689,"vote.average":5.7,"vote.count":617,"release.date":"2008-12-05","genre":28,"certification":"R","genre_txt":"Action","year":2008,"lustrum":"05-09","decade":"00-09","log_budget":7.3118,"log_rev":7.0039,"id":"13056","pop_cat":"Middle","rating_cat":"Low-middle","rev_mill":10.09},{"X.1":261,"film":"Escape from LA","revenue":42277365,"budget":50000000,"language":"en","popularity":9685,"vote.average":5.9,"vote.count":763,"release.date":"1996-08-09","genre":28,"certification":"R","genre_txt":"Action","year":1996,"lustrum":"95-99","decade":"90-99","log_budget":7.699,"log_rev":7.6261,"id":"10061","pop_cat":"Middle","rating_cat":"Low-middle","rev_mill":42.28},{"X.1":262,"film":"Patton","revenue":89800000,"budget":12000000,"language":"en","popularity":9648,"vote.average":7.5,"vote.count":588,"release.date":"1970-01-25","genre":18,"certification":"PG","genre_txt":"Drama","year":1970,"lustrum":"70-74","decade":"70-79","log_budget":7.0792,"log_rev":7.9533,"id":"11202","pop_cat":"Middle","rating_cat":"Middle-High","rev_mill":89.8},{"X.1":263,"film":"The Jewel of the Nile","revenue":96773200,"budget":25000000,"language":"en","popularity":9634,"vote.average":6.2,"vote.count":586,"release.date":"1985-12-04","genre":28,"certification":"PG","genre_txt":"Action","year":1985,"lustrum":"85-89","decade":"80-89","log_budget":7.3979,"log_rev":7.9858,"id":"10303","pop_cat":"Middle","rating_cat":"Middle","rev_mill":96.77},{"X.1":264,"film":"High Plains Drifter","revenue":15700000,"budget":5500000,"language":"en","popularity":9599,"vote.average":7.5,"vote.count":539,"release.date":"1973-04-19","genre":37,"certification":"R","genre_txt":"Western","year":1973,"lustrum":"70-74","decade":"70-79","log_budget":6.7404,"log_rev":7.1959,"id":"11901","pop_cat":"Middle","rating_cat":"Middle-High","rev_mill":15.7},{"X.1":265,"film":"Superman IV The Quest for Peace","revenue":19300000,"budget":17000000,"language":"en","popularity":9572,"vote.average":4.4,"vote.count":655,"release.date":"1987-07-23","genre":28,"certification":"PG","genre_txt":"Action","year":1987,"lustrum":"85-89","decade":"80-89","log_budget":7.2304,"log_rev":7.2856,"id":"11411","pop_cat":"Middle","rating_cat":"Low","rev_mill":19.3},{"X.1":266,"film":"History of the World Part I","revenue":31672907,"budget":11000000,"language":"en","popularity":9548,"vote.average":6.7,"vote.count":382,"release.date":"1981-06-12","genre":35,"certification":"R","genre_txt":"Comedy","year":1981,"lustrum":"80-84","decade":"80-89","log_budget":7.0414,"log_rev":7.5007,"id":"10156","pop_cat":"Middle","rating_cat":"Middle","rev_mill":31.67},{"X.1":267,"film":"Wolf","revenue":131002597,"budget":70000000,"language":"en","popularity":9521,"vote.average":6.1,"vote.count":492,"release.date":"1994-06-17","genre":18,"certification":"R","genre_txt":"Drama","year":1994,"lustrum":"90-94","decade":"90-99","log_budget":7.8451,"log_rev":8.1173,"id":"10395","pop_cat":"Middle","rating_cat":"Middle","rev_mill":131},{"X.1":268,"film":"Sudden Impact","revenue":67642693,"budget":22000000,"language":"en","popularity":9477,"vote.average":6.6,"vote.count":430,"release.date":"1983-12-07","genre":80,"certification":"R","genre_txt":"Crime","year":1983,"lustrum":"80-84","decade":"80-89","log_budget":7.3424,"log_rev":7.8302,"id":"10650","pop_cat":"Middle","rating_cat":"Middle","rev_mill":67.64},{"X.1":269,"film":"Fright Night","revenue":24922237,"budget":9000000,"language":"en","popularity":9398,"vote.average":7,"vote.count":609,"release.date":"1985-08-02","genre":27,"certification":"R","genre_txt":"Horror","year":1985,"lustrum":"85-89","decade":"80-89","log_budget":6.9542,"log_rev":7.3966,"id":"11797","pop_cat":"Middle","rating_cat":"Middle","rev_mill":24.92},{"X.1":270,"film":"Saturday Night Fever","revenue":237113184,"budget":3500000,"language":"en","popularity":9354,"vote.average":6.7,"vote.count":963,"release.date":"1977-12-16","genre":35,"certification":"R","genre_txt":"Comedy","year":1977,"lustrum":"75-79","decade":"70-79","log_budget":6.5441,"log_rev":8.375,"id":"11009","pop_cat":"Middle","rating_cat":"Middle","rev_mill":237.11},{"X.1":271,"film":"A Walk in the Clouds","revenue":50012507,"budget":20000000,"language":"en","popularity":9283,"vote.average":6.7,"vote.count":366,"release.date":"1995-08-11","genre":18,"certification":"PG-13","genre_txt":"Drama","year":1995,"lustrum":"95-99","decade":"90-99","log_budget":7.301,"log_rev":7.6991,"id":"9560","pop_cat":"Middle","rating_cat":"Middle","rev_mill":50.01},{"X.1":272,"film":"Friday","revenue":28215918,"budget":3500000,"language":"en","popularity":9275,"vote.average":7.1,"vote.count":929,"release.date":"1995-04-26","genre":35,"certification":"R","genre_txt":"Comedy","year":1995,"lustrum":"95-99","decade":"90-99","log_budget":6.5441,"log_rev":7.4505,"id":"10634","pop_cat":"Middle","rating_cat":"Middle","rev_mill":28.22},{"X.1":273,"film":"The Tuxedo","revenue":104391623,"budget":60000000,"language":"en","popularity":9237,"vote.average":5.6,"vote.count":1079,"release.date":"2002-09-27","genre":28,"certification":"PG-13","genre_txt":"Action","year":2002,"lustrum":"00-04","decade":"00-09","log_budget":7.7782,"log_rev":8.0187,"id":"10771","pop_cat":"Middle","rating_cat":"Low-middle","rev_mill":104.39},{"X.1":274,"film":"Dennis the Menace","revenue":117270765,"budget":35000000,"language":"en","popularity":9174,"vote.average":5.6,"vote.count":785,"release.date":"1993-06-23","genre":35,"certification":"PG","genre_txt":"Comedy","year":1993,"lustrum":"90-94","decade":"90-99","log_budget":7.5441,"log_rev":8.0692,"id":"12139","pop_cat":"Middle","rating_cat":"Low-middle","rev_mill":117.27},{"X.1":275,"film":"The Return of the Living Dead","revenue":14237880,"budget":4000000,"language":"en","popularity":9152,"vote.average":7.3,"vote.count":563,"release.date":"1985-04-25","genre":35,"certification":"R","genre_txt":"Comedy","year":1985,"lustrum":"85-89","decade":"80-89","log_budget":6.6021,"log_rev":7.1534,"id":"10925","pop_cat":"Middle","rating_cat":"Middle","rev_mill":14.24},{"X.1":276,"film":"The Texas Chainsaw Massacre The Beginning","revenue":51764406,"budget":16000000,"language":"en","popularity":9147,"vote.average":6,"vote.count":954,"release.date":"2006-10-06","genre":27,"certification":"R","genre_txt":"Horror","year":2006,"lustrum":"05-09","decade":"00-09","log_budget":7.2041,"log_rev":7.714,"id":"10781","pop_cat":"Middle","rating_cat":"Middle","rev_mill":51.76},{"X.1":277,"film":"Young Guns","revenue":44726644,"budget":13000000,"language":"en","popularity":9136,"vote.average":6.7,"vote.count":485,"release.date":"1988-08-12","genre":28,"certification":"R","genre_txt":"Action","year":1988,"lustrum":"85-89","decade":"80-89","log_budget":7.1139,"log_rev":7.6506,"id":"11967","pop_cat":"Middle","rating_cat":"Middle","rev_mill":44.73},{"X.1":278,"film":"Fast Times at Ridgemont High","revenue":27092880,"budget":4500000,"language":"en","popularity":9135,"vote.average":6.9,"vote.count":651,"release.date":"1982-08-13","genre":35,"certification":"R","genre_txt":"Comedy","year":1982,"lustrum":"80-84","decade":"80-89","log_budget":6.6532,"log_rev":7.4329,"id":"13342","pop_cat":"Middle","rating_cat":"Middle","rev_mill":27.09},{"X.1":279,"film":"A League of Their Own","revenue":132440069,"budget":40000000,"language":"en","popularity":9117,"vote.average":7.1,"vote.count":746,"release.date":"1992-07-01","genre":35,"certification":"PG","genre_txt":"Comedy","year":1992,"lustrum":"90-94","decade":"90-99","log_budget":7.6021,"log_rev":8.122,"id":"11287","pop_cat":"Middle","rating_cat":"Middle","rev_mill":132.44},{"X.1":280,"film":"Fatal Attraction","revenue":320145693,"budget":14000000,"language":"en","popularity":9061,"vote.average":6.8,"vote.count":707,"release.date":"1987-09-11","genre":18,"certification":"R","genre_txt":"Drama","year":1987,"lustrum":"85-89","decade":"80-89","log_budget":7.1461,"log_rev":8.5053,"id":"10998","pop_cat":"Middle","rating_cat":"Middle","rev_mill":320.15},{"X.1":281,"film":"Buffy the Vampire Slayer","revenue":16624456,"budget":7000000,"language":"en","popularity":9039,"vote.average":5.5,"vote.count":414,"release.date":"1992-07-24","genre":28,"certification":"PG-13","genre_txt":"Action","year":1992,"lustrum":"90-94","decade":"90-99","log_budget":6.8451,"log_rev":7.2207,"id":"10206","pop_cat":"Middle","rating_cat":"Low-middle","rev_mill":16.62},{"X.1":282,"film":"Friday the 13th Part VII The New Blood","revenue":19170001,"budget":2800000,"language":"en","popularity":9005,"vote.average":5.3,"vote.count":466,"release.date":"1988-05-13","genre":27,"certification":"R","genre_txt":"Horror","year":1988,"lustrum":"85-89","decade":"80-89","log_budget":6.4472,"log_rev":7.2826,"id":"10281","pop_cat":"Middle","rating_cat":"Low","rev_mill":19.17},{"X.1":283,"film":"See No Evil Hear No Evil","revenue":46908987,"budget":18000000,"language":"en","popularity":8999,"vote.average":6.7,"vote.count":500,"release.date":"1989-05-12","genre":35,"certification":"R","genre_txt":"Comedy","year":1989,"lustrum":"85-89","decade":"80-89","log_budget":7.2553,"log_rev":7.6713,"id":"11185","pop_cat":"Middle","rating_cat":"Middle","rev_mill":46.91},{"X.1":284,"film":"Kramer vs Kramer","revenue":106260000,"budget":8000000,"language":"en","popularity":8963,"vote.average":7.5,"vote.count":1173,"release.date":"1979-12-18","genre":18,"certification":"PG","genre_txt":"Drama","year":1979,"lustrum":"75-79","decade":"70-79","log_budget":6.9031,"log_rev":8.0264,"id":"12102","pop_cat":"Middle","rating_cat":"Middle-High","rev_mill":106.26},{"X.1":285,"film":"Twilight Zone The Movie","revenue":29450919,"budget":10000000,"language":"en","popularity":8923,"vote.average":6.4,"vote.count":373,"release.date":"1983-06-24","genre":18,"certification":"PG","genre_txt":"Drama","year":1983,"lustrum":"80-84","decade":"80-89","log_budget":7,"log_rev":7.4691,"id":"15301","pop_cat":"Middle","rating_cat":"Middle","rev_mill":29.45},{"X.1":286,"film":"Deuce Bigalow Male Gigolo","revenue":65535067,"budget":17000000,"language":"en","popularity":8923,"vote.average":5.5,"vote.count":692,"release.date":"1999-12-10","genre":35,"certification":"R","genre_txt":"Comedy","year":1999,"lustrum":"95-99","decade":"90-99","log_budget":7.2304,"log_rev":7.8165,"id":"10402","pop_cat":"Middle","rating_cat":"Low-middle","rev_mill":65.54},{"X.1":287,"film":"The Saint","revenue":118063304,"budget":68000000,"language":"en","popularity":8903,"vote.average":6,"vote.count":607,"release.date":"1997-04-03","genre":28,"certification":"PG-13","genre_txt":"Action","year":1997,"lustrum":"95-99","decade":"90-99","log_budget":7.8325,"log_rev":8.0721,"id":"10003","pop_cat":"Middle","rating_cat":"Middle","rev_mill":118.06},{"X.1":288,"film":"The Money Pit","revenue":54999651,"budget":10000000,"language":"en","popularity":8888,"vote.average":6.4,"vote.count":573,"release.date":"1986-03-15","genre":35,"certification":"PG","genre_txt":"Comedy","year":1986,"lustrum":"85-89","decade":"80-89","log_budget":7,"log_rev":7.7404,"id":"10466","pop_cat":"Middle","rating_cat":"Middle","rev_mill":55},{"X.1":289,"film":"Black Knight","revenue":33422806,"budget":50000000,"language":"en","popularity":8842,"vote.average":5.3,"vote.count":642,"release.date":"2001-11-21","genre":12,"certification":"PG-13","genre_txt":"Adventure","year":2001,"lustrum":"00-04","decade":"00-09","log_budget":7.699,"log_rev":7.524,"id":"11469","pop_cat":"Middle","rating_cat":"Low","rev_mill":33.42},{"X.1":290,"film":"Shipwrecked","revenue":15024232,"budget":8500000,"language":"no","popularity":8834,"vote.average":6.7,"vote.count":25,"release.date":"1990-10-03","genre":12,"genre_txt":"Adventure","year":1990,"lustrum":"90-94","decade":"90-99","log_budget":6.9294,"log_rev":7.1768,"id":"71805","pop_cat":"Middle","rating_cat":"Middle","rev_mill":15.02},{"X.1":291,"film":"In the Line of Fire","revenue":176997168,"budget":40000000,"language":"en","popularity":8832,"vote.average":6.9,"vote.count":771,"release.date":"1993-07-08","genre":28,"certification":"R","genre_txt":"Action","year":1993,"lustrum":"90-94","decade":"90-99","log_budget":7.6021,"log_rev":8.248,"id":"9386","pop_cat":"Middle","rating_cat":"Middle","rev_mill":177},{"X.1":292,"film":"Bachelor Party","revenue":38435947,"budget":6000000,"language":"en","popularity":8819,"vote.average":6,"vote.count":308,"release.date":"1984-06-29","genre":35,"certification":"R","genre_txt":"Comedy","year":1984,"lustrum":"80-84","decade":"80-89","log_budget":6.7782,"log_rev":7.5847,"id":"12309","pop_cat":"Middle","rating_cat":"Middle","rev_mill":38.44},{"X.1":293,"film":"Hackers","revenue":7563728,"budget":20000000,"language":"en","popularity":8819,"vote.average":6.3,"vote.count":701,"release.date":"1995-09-14","genre":28,"certification":"PG-13","genre_txt":"Action","year":1995,"lustrum":"95-99","decade":"90-99","log_budget":7.301,"log_rev":6.8787,"id":"10428","pop_cat":"Middle","rating_cat":"Middle","rev_mill":7.56},{"X.1":294,"film":"The Adventures of Baron Munchausen","revenue":8083123,"budget":46630000,"language":"en","popularity":8814,"vote.average":7,"vote.count":441,"release.date":"1988-12-07","genre":28,"certification":"PG","genre_txt":"Action","year":1988,"lustrum":"85-89","decade":"80-89","log_budget":7.6687,"log_rev":6.9076,"id":"14506","pop_cat":"Middle","rating_cat":"Middle","rev_mill":8.08},{"X.1":295,"film":"Invasion of the Body Snatchers","revenue":24946533,"budget":3500000,"language":"en","popularity":8803,"vote.average":7.3,"vote.count":468,"release.date":"1978-12-19","genre":27,"certification":"PG","genre_txt":"Horror","year":1978,"lustrum":"75-79","decade":"70-79","log_budget":6.5441,"log_rev":7.397,"id":"11850","pop_cat":"Middle","rating_cat":"Middle","rev_mill":24.95},{"X.1":296,"film":"Presumed Innocent","revenue":221303188,"budget":22000000,"language":"en","popularity":8779,"vote.average":6.8,"vote.count":314,"release.date":"1990-07-26","genre":53,"certification":"R","genre_txt":"Thriller","year":1990,"lustrum":"90-94","decade":"90-99","log_budget":7.3424,"log_rev":8.345,"id":"11092","pop_cat":"Middle","rating_cat":"Middle","rev_mill":221.3},{"X.1":297,"film":"The Long Kiss Goodnight","revenue":89456761,"budget":65000000,"language":"en","popularity":8766,"vote.average":6.6,"vote.count":612,"release.date":"1996-10-11","genre":28,"certification":"R","genre_txt":"Action","year":1996,"lustrum":"95-99","decade":"90-99","log_budget":7.8129,"log_rev":7.9516,"id":"11412","pop_cat":"Middle","rating_cat":"Middle","rev_mill":89.46},{"X.1":298,"film":"Animal House","revenue":141000000,"budget":2700000,"language":"en","popularity":8761,"vote.average":7.1,"vote.count":862,"release.date":"1978-07-27","genre":35,"certification":"R","genre_txt":"Comedy","year":1978,"lustrum":"75-79","decade":"70-79","log_budget":6.4314,"log_rev":8.1492,"id":"8469","pop_cat":"Middle","rating_cat":"Middle","rev_mill":141},{"X.1":299,"film":"The Midnight Meat Train","revenue":3533227,"budget":15000000,"language":"en","popularity":8752,"vote.average":6,"vote.count":534,"release.date":"2008-08-07","genre":27,"certification":"R","genre_txt":"Horror","year":2008,"lustrum":"05-09","decade":"00-09","log_budget":7.1761,"log_rev":6.5482,"id":"10185","pop_cat":"Middle","rating_cat":"Middle","rev_mill":3.53},{"X.1":300,"film":"Vacancy","revenue":35300645,"budget":19000000,"language":"en","popularity":8737,"vote.average":6.2,"vote.count":775,"release.date":"2007-04-20","genre":27,"certification":"R","genre_txt":"Horror","year":2007,"lustrum":"05-09","decade":"00-09","log_budget":7.2788,"log_rev":7.5478,"id":"10294","pop_cat":"Middle","rating_cat":"Middle","rev_mill":35.3},{"X.1":301,"film":"Glengarry Glen Ross","revenue":10725228,"budget":12500000,"language":"en","popularity":8736,"vote.average":7.5,"vote.count":618,"release.date":"1992-09-15","genre":80,"certification":"R","genre_txt":"Crime","year":1992,"lustrum":"90-94","decade":"90-99","log_budget":7.0969,"log_rev":7.0304,"id":"9504","pop_cat":"Middle","rating_cat":"Middle-High","rev_mill":10.73},{"X.1":302,"film":"EverAfter","revenue":65705772,"budget":26000000,"language":"en","popularity":8734,"vote.average":7.1,"vote.count":810,"release.date":"1998-07-31","genre":18,"certification":"PG-13","genre_txt":"Drama","year":1998,"lustrum":"95-99","decade":"90-99","log_budget":7.415,"log_rev":7.8176,"id":"9454","pop_cat":"Middle","rating_cat":"Middle","rev_mill":65.71},{"X.1":303,"film":"Lionheart","revenue":24271196,"budget":6000000,"language":"en","popularity":8724,"vote.average":6.1,"vote.count":400,"release.date":"1990-06-07","genre":28,"certification":"R","genre_txt":"Action","year":1990,"lustrum":"90-94","decade":"90-99","log_budget":6.7782,"log_rev":7.3851,"id":"9399","pop_cat":"Middle","rating_cat":"Middle","rev_mill":24.27},{"X.1":304,"film":"Bedknobs and Broomsticks","revenue":17900000,"budget":20000000,"language":"en","popularity":8705,"vote.average":7,"vote.count":581,"release.date":"1971-10-07","genre":12,"certification":"G","genre_txt":"Adventure","year":1971,"lustrum":"70-74","decade":"70-79","log_budget":7.301,"log_rev":7.2529,"id":"12335","pop_cat":"Middle","rating_cat":"Middle","rev_mill":17.9},{"X.1":305,"film":"Cats  Dogs","revenue":93375151,"budget":60000000,"language":"en","popularity":8705,"vote.average":5.3,"vote.count":950,"release.date":"2001-07-04","genre":35,"certification":"PG","genre_txt":"Comedy","year":2001,"lustrum":"00-04","decade":"00-09","log_budget":7.7782,"log_rev":7.9702,"id":"10992","pop_cat":"Middle","rating_cat":"Low","rev_mill":93.38},{"X.1":306,"film":"The Girl Who Kicked the Hornets Nest","revenue":43498108,"budget":4000000,"language":"sv","popularity":8667,"vote.average":7,"vote.count":801,"release.date":"2009-11-27","genre":28,"certification":"R","genre_txt":"Action","year":2009,"lustrum":"05-09","decade":"00-09","log_budget":6.6021,"log_rev":7.6385,"id":"33613","pop_cat":"Middle","rating_cat":"Middle","rev_mill":43.5},{"X.1":307,"film":"Clue","revenue":14643997,"budget":15000000,"language":"en","popularity":8623,"vote.average":7.3,"vote.count":762,"release.date":"1985-12-13","genre":35,"certification":"PG","genre_txt":"Comedy","year":1985,"lustrum":"85-89","decade":"80-89","log_budget":7.1761,"log_rev":7.1657,"id":"15196","pop_cat":"Middle","rating_cat":"Middle","rev_mill":14.64},{"X.1":308,"film":"Kellys Heroes","revenue":5200000,"budget":4000000,"language":"en","popularity":8608,"vote.average":7.4,"vote.count":346,"release.date":"1970-06-22","genre":12,"certification":"PG","genre_txt":"Adventure","year":1970,"lustrum":"70-74","decade":"70-79","log_budget":6.6021,"log_rev":6.716,"id":"11589","pop_cat":"Middle","rating_cat":"Middle","rev_mill":5.2},{"X.1":309,"film":"Stigmata","revenue":50041732,"budget":29000000,"language":"en","popularity":8599,"vote.average":6.1,"vote.count":553,"release.date":"1999-09-10","genre":27,"certification":"R","genre_txt":"Horror","year":1999,"lustrum":"95-99","decade":"90-99","log_budget":7.4624,"log_rev":7.6993,"id":"10307","pop_cat":"Middle","rating_cat":"Middle","rev_mill":50.04},{"X.1":310,"film":"Halloween III Season of the Witch","revenue":14400000,"budget":2500000,"language":"en","popularity":8568,"vote.average":5,"vote.count":599,"release.date":"1982-10-22","genre":27,"certification":"R","genre_txt":"Horror","year":1982,"lustrum":"80-84","decade":"80-89","log_budget":6.3979,"log_rev":7.1584,"id":"10676","pop_cat":"Middle","rating_cat":"Low","rev_mill":14.4},{"X.1":311,"film":"The Color of Money","revenue":52293982,"budget":13800000,"language":"en","popularity":8565,"vote.average":6.8,"vote.count":663,"release.date":"1986-10-07","genre":18,"certification":"R","genre_txt":"Drama","year":1986,"lustrum":"85-89","decade":"80-89","log_budget":7.1399,"log_rev":7.7185,"id":"11873","pop_cat":"Middle","rating_cat":"Middle","rev_mill":52.29},{"X.1":312,"film":"Secretary","revenue":9304609,"budget":4000000,"language":"en","popularity":8531,"vote.average":6.8,"vote.count":779,"release.date":"2002-01-11","genre":35,"certification":"R","genre_txt":"Comedy","year":2002,"lustrum":"00-04","decade":"00-09","log_budget":6.6021,"log_rev":6.9687,"id":"11013","pop_cat":"Middle","rating_cat":"Middle","rev_mill":9.3},{"X.1":313,"film":"Mickeys Christmas Carol","revenue":21000000,"budget":3000000,"language":"en","popularity":8487,"vote.average":7.6,"vote.count":469,"release.date":"1983-10-19","genre":10751,"certification":"G","genre_txt":"Family","year":1983,"lustrum":"80-84","decade":"80-89","log_budget":6.4771,"log_rev":7.3222,"id":"14813","pop_cat":"Middle","rating_cat":"Middle-High","rev_mill":21},{"X.1":314,"film":"Serpico","revenue":29800000,"budget":3000000,"language":"en","popularity":8466,"vote.average":7.6,"vote.count":941,"release.date":"1973-12-05","genre":80,"certification":"R","genre_txt":"Crime","year":1973,"lustrum":"70-74","decade":"70-79","log_budget":6.4771,"log_rev":7.4742,"id":"9040","pop_cat":"Middle","rating_cat":"Middle-High","rev_mill":29.8},{"X.1":315,"film":"Porkys","revenue":125728258,"budget":4000000,"language":"en","popularity":8463,"vote.average":6.2,"vote.count":357,"release.date":"1981-11-13","genre":35,"certification":"R","genre_txt":"Comedy","year":1981,"lustrum":"80-84","decade":"80-89","log_budget":6.6021,"log_rev":8.0994,"id":"10246","pop_cat":"Middle","rating_cat":"Middle","rev_mill":125.73},{"X.1":316,"film":"Spawn","revenue":87840042,"budget":40000000,"language":"en","popularity":8429,"vote.average":5.2,"vote.count":655,"release.date":"1997-07-31","genre":28,"certification":"PG-13","genre_txt":"Action","year":1997,"lustrum":"95-99","decade":"90-99","log_budget":7.6021,"log_rev":7.9437,"id":"10336","pop_cat":"Middle","rating_cat":"Low","rev_mill":87.84},{"X.1":317,"film":"Striptease","revenue":113309743,"budget":50000000,"language":"en","popularity":8427,"vote.average":4.8,"vote.count":429,"release.date":"1996-06-28","genre":80,"certification":"R","genre_txt":"Crime","year":1996,"lustrum":"95-99","decade":"90-99","log_budget":7.699,"log_rev":8.0543,"id":"9879","pop_cat":"Middle","rating_cat":"Low","rev_mill":113.31},{"X.1":318,"film":"Watership Down","revenue":3713768,"budget":1000000,"language":"en","popularity":8402,"vote.average":7.2,"vote.count":350,"release.date":"1978-10-14","genre":12,"certification":"PG","genre_txt":"Adventure","year":1978,"lustrum":"75-79","decade":"70-79","log_budget":6,"log_rev":6.5698,"id":"11837","pop_cat":"Middle","rating_cat":"Middle","rev_mill":3.71},{"X.1":319,"film":"Quest for Fire","revenue":55260558,"budget":12000000,"language":"fr","popularity":8396,"vote.average":7.1,"vote.count":247,"release.date":"1981-12-15","genre":12,"genre_txt":"Adventure","year":1981,"lustrum":"80-84","decade":"80-89","log_budget":7.0792,"log_rev":7.7424,"id":"62204","pop_cat":"Middle","rating_cat":"Middle","rev_mill":55.26},{"X.1":320,"film":"The Last Starfighter","revenue":28733290,"budget":15000000,"language":"en","popularity":8392,"vote.average":6.5,"vote.count":382,"release.date":"1984-07-13","genre":28,"certification":"PG","genre_txt":"Action","year":1984,"lustrum":"80-84","decade":"80-89","log_budget":7.1761,"log_rev":7.4584,"id":"11884","pop_cat":"Middle","rating_cat":"Middle","rev_mill":28.73},{"X.1":321,"film":"The Swan Princess","revenue":9771658,"budget":20000000,"language":"en","popularity":8385,"vote.average":6.6,"vote.count":595,"release.date":"1994-11-18","genre":12,"certification":"G","genre_txt":"Adventure","year":1994,"lustrum":"90-94","decade":"90-99","log_budget":7.301,"log_rev":6.99,"id":"22586","pop_cat":"Middle","rating_cat":"Middle","rev_mill":9.77},{"X.1":322,"film":"Clash of the Titans","revenue":41092328,"budget":15000000,"language":"en","popularity":8379,"vote.average":6.8,"vote.count":375,"release.date":"1981-03-15","genre":12,"certification":"PG","genre_txt":"Adventure","year":1981,"lustrum":"80-84","decade":"80-89","log_budget":7.1761,"log_rev":7.6138,"id":"10323","pop_cat":"Middle","rating_cat":"Middle","rev_mill":41.09},{"X.1":323,"film":"Damien Omen II","revenue":26518355,"budget":6800000,"language":"en","popularity":8338,"vote.average":6.2,"vote.count":321,"release.date":"1978-06-09","genre":28,"certification":"R","genre_txt":"Action","year":1978,"lustrum":"75-79","decade":"70-79","log_budget":6.8325,"log_rev":7.4235,"id":"10766","pop_cat":"Middle","rating_cat":"Middle","rev_mill":26.52},{"X.1":324,"film":"Friday the 13th Part VI Jason Lives","revenue":19472057,"budget":3000000,"language":"en","popularity":8323,"vote.average":5.9,"vote.count":531,"release.date":"1986-08-01","genre":27,"certification":"R","genre_txt":"Horror","year":1986,"lustrum":"85-89","decade":"80-89","log_budget":6.4771,"log_rev":7.2894,"id":"10225","pop_cat":"Middle","rating_cat":"Low-middle","rev_mill":19.47},{"X.1":325,"film":"Lone Wolf McQuade","revenue":12232628,"budget":5000000,"language":"en","popularity":8311,"vote.average":6,"vote.count":115,"release.date":"1983-04-15","genre":28,"certification":"PG","genre_txt":"Action","year":1983,"lustrum":"80-84","decade":"80-89","log_budget":6.699,"log_rev":7.0875,"id":"14854","pop_cat":"Middle","rating_cat":"Middle","rev_mill":12.23},{"X.1":326,"film":"The Gauntlet","revenue":26414658,"budget":5500000,"language":"en","popularity":8296,"vote.average":6.7,"vote.count":235,"release.date":"1977-12-21","genre":28,"certification":"R","genre_txt":"Action","year":1977,"lustrum":"75-79","decade":"70-79","log_budget":6.7404,"log_rev":7.4218,"id":"17689","pop_cat":"Middle","rating_cat":"Middle","rev_mill":26.41},{"X.1":327,"film":"James and the Giant Peach","revenue":28921264,"budget":38000000,"language":"en","popularity":8287,"vote.average":6.4,"vote.count":764,"release.date":"1996-04-12","genre":12,"certification":"PG","genre_txt":"Adventure","year":1996,"lustrum":"95-99","decade":"90-99","log_budget":7.5798,"log_rev":7.4612,"id":"10539","pop_cat":"Middle","rating_cat":"Middle","rev_mill":28.92},{"X.1":328,"film":"The Three Musketeers","revenue":53898845,"budget":30000000,"language":"en","popularity":8277,"vote.average":6.3,"vote.count":472,"release.date":"1993-11-11","genre":28,"certification":"PG","genre_txt":"Action","year":1993,"lustrum":"90-94","decade":"90-99","log_budget":7.4771,"log_rev":7.7316,"id":"10057","pop_cat":"Middle","rating_cat":"Middle","rev_mill":53.9},{"X.1":329,"film":"A Simple Plan","revenue":16316273,"budget":30000000,"language":"en","popularity":8263,"vote.average":7.1,"vote.count":411,"release.date":"1998-12-11","genre":80,"certification":"R","genre_txt":"Crime","year":1998,"lustrum":"95-99","decade":"90-99","log_budget":7.4771,"log_rev":7.2126,"id":"10223","pop_cat":"Middle","rating_cat":"Middle","rev_mill":16.32},{"X.1":330,"film":"Hocus Pocus","revenue":39514713,"budget":28000000,"language":"en","popularity":8244,"vote.average":6.9,"vote.count":1317,"release.date":"1993-07-16","genre":35,"certification":"PG","genre_txt":"Comedy","year":1993,"lustrum":"90-94","decade":"90-99","log_budget":7.4472,"log_rev":7.5968,"id":"10439","pop_cat":"Middle","rating_cat":"Middle","rev_mill":39.51},{"X.1":331,"film":"The Entity","revenue":13277558,"budget":9000000,"language":"en","popularity":8234,"vote.average":6.4,"vote.count":194,"release.date":"1982-09-30","genre":27,"certification":"R","genre_txt":"Horror","year":1982,"lustrum":"80-84","decade":"80-89","log_budget":6.9542,"log_rev":7.1231,"id":"24740","pop_cat":"Middle","rating_cat":"Middle","rev_mill":13.28},{"X.1":332,"film":"Carrie","revenue":33800000,"budget":1800000,"language":"en","popularity":8177,"vote.average":7.2,"vote.count":2067,"release.date":"1976-11-03","genre":27,"certification":"R","genre_txt":"Horror","year":1976,"lustrum":"75-79","decade":"70-79","log_budget":6.2553,"log_rev":7.5289,"id":"7340","pop_cat":"Middle","rating_cat":"Middle","rev_mill":33.8},{"X.1":333,"film":"Hard Rain","revenue":19870567,"budget":70000000,"language":"en","popularity":8168,"vote.average":5.7,"vote.count":366,"release.date":"1998-01-16","genre":80,"certification":"R","genre_txt":"Crime","year":1998,"lustrum":"95-99","decade":"90-99","log_budget":7.8451,"log_rev":7.2982,"id":"11258","pop_cat":"Middle","rating_cat":"Low-middle","rev_mill":19.87},{"X.1":334,"film":"Showgirls","revenue":20350754,"budget":45000000,"language":"en","popularity":8164,"vote.average":5.2,"vote.count":549,"release.date":"1995-09-22","genre":18,"certification":"NC-17","genre_txt":"Drama","year":1995,"lustrum":"95-99","decade":"90-99","log_budget":7.6532,"log_rev":7.3086,"id":"10802","pop_cat":"Middle","rating_cat":"Low","rev_mill":20.35},{"X.1":335,"film":"Swingers","revenue":4505922,"budget":200000,"language":"en","popularity":8151,"vote.average":6.9,"vote.count":410,"release.date":"1996-10-18","genre":35,"certification":"R","genre_txt":"Comedy","year":1996,"lustrum":"95-99","decade":"90-99","log_budget":5.301,"log_rev":6.6538,"id":"10218","pop_cat":"Middle","rating_cat":"Middle","rev_mill":4.51},{"X.1":336,"film":"Passenger 57","revenue":44065653,"budget":15000000,"language":"en","popularity":8148,"vote.average":5.8,"vote.count":498,"release.date":"1992-11-06","genre":28,"certification":"R","genre_txt":"Action","year":1992,"lustrum":"90-94","decade":"90-99","log_budget":7.1761,"log_rev":7.6441,"id":"10538","pop_cat":"Middle","rating_cat":"Low-middle","rev_mill":44.07},{"X.1":337,"film":"Super Mario Bros","revenue":20915465,"budget":48000000,"language":"en","popularity":8095,"vote.average":4.2,"vote.count":602,"release.date":"1993-05-28","genre":12,"certification":"PG","genre_txt":"Adventure","year":1993,"lustrum":"90-94","decade":"90-99","log_budget":7.6812,"log_rev":7.3205,"id":"9607","pop_cat":"Middle","rating_cat":"Low","rev_mill":20.92},{"X.1":338,"film":"Another 48 Hrs","revenue":153518974,"budget":38000000,"language":"en","popularity":8069,"vote.average":6,"vote.count":406,"release.date":"1990-06-08","genre":28,"certification":"R","genre_txt":"Action","year":1990,"lustrum":"90-94","decade":"90-99","log_budget":7.5798,"log_rev":8.1862,"id":"11595","pop_cat":"Middle","rating_cat":"Middle","rev_mill":153.52},{"X.1":339,"film":"A Bridge Too Far","revenue":50750000,"budget":22000000,"language":"en","popularity":8058,"vote.average":7.2,"vote.count":385,"release.date":"1977-06-15","genre":18,"certification":"PG","genre_txt":"Drama","year":1977,"lustrum":"75-79","decade":"70-79","log_budget":7.3424,"log_rev":7.7054,"id":"5902","pop_cat":"Middle","rating_cat":"Middle","rev_mill":50.75},{"X.1":340,"film":"The Warriors","revenue":22490039,"budget":4000000,"language":"en","popularity":8024,"vote.average":7.6,"vote.count":991,"release.date":"1979-02-08","genre":28,"certification":"R","genre_txt":"Action","year":1979,"lustrum":"75-79","decade":"70-79","log_budget":6.6021,"log_rev":7.352,"id":"11474","pop_cat":"Middle","rating_cat":"Middle-High","rev_mill":22.49},{"X.1":341,"film":"Sid  Nancy","revenue":2826523,"budget":4000000,"language":"en","popularity":8021,"vote.average":6.9,"vote.count":255,"release.date":"1986-10-24","genre":18,"certification":"R","genre_txt":"Drama","year":1986,"lustrum":"85-89","decade":"80-89","log_budget":6.6021,"log_rev":6.4513,"id":"14924","pop_cat":"Middle","rating_cat":"Middle","rev_mill":2.83},{"X.1":342,"film":"Jaws 3D","revenue":87987055,"budget":20500000,"language":"en","popularity":8016,"vote.average":4.4,"vote.count":654,"release.date":"1983-03-16","genre":53,"certification":"PG","genre_txt":"Thriller","year":1983,"lustrum":"80-84","decade":"80-89","log_budget":7.3118,"log_rev":7.9444,"id":"17692","pop_cat":"Middle","rating_cat":"Low","rev_mill":87.99},{"X.1":343,"film":"The Mission","revenue":17218023,"budget":24500000,"language":"en","popularity":8004,"vote.average":7.4,"vote.count":715,"release.date":"1986-09-29","genre":28,"certification":"PG","genre_txt":"Action","year":1986,"lustrum":"85-89","decade":"80-89","log_budget":7.3892,"log_rev":7.236,"id":"11416","pop_cat":"Middle","rating_cat":"Middle","rev_mill":17.22},{"X.1":344,"film":"Creepshow","revenue":21028755,"budget":8000000,"language":"en","popularity":7979,"vote.average":6.8,"vote.count":471,"release.date":"1982-11-12","genre":27,"certification":"R","genre_txt":"Horror","year":1982,"lustrum":"80-84","decade":"80-89","log_budget":6.9031,"log_rev":7.3228,"id":"16281","pop_cat":"Middle","rating_cat":"Middle","rev_mill":21.03},{"X.1":345,"film":"The Black Hole","revenue":35841901,"budget":20000000,"language":"en","popularity":7978,"vote.average":5.9,"vote.count":218,"release.date":"1979-12-18","genre":28,"certification":"PG","genre_txt":"Action","year":1979,"lustrum":"75-79","decade":"70-79","log_budget":7.301,"log_rev":7.5544,"id":"9570","pop_cat":"Middle","rating_cat":"Low-middle","rev_mill":35.84},{"X.1":346,"film":"My Left Foot The Story of Christy Brown","revenue":14743391,"budget":645180,"language":"en","popularity":7967,"vote.average":7.6,"vote.count":444,"release.date":"1989-07-21","genre":18,"certification":"R","genre_txt":"Drama","year":1989,"lustrum":"85-89","decade":"80-89","log_budget":5.8097,"log_rev":7.1686,"id":"10161","pop_cat":"Middle","rating_cat":"Middle-High","rev_mill":14.74},{"X.1":347,"film":"The NeverEnding Story II The Next Chapter","revenue":16283667,"budget":32000000,"language":"en","popularity":7952,"vote.average":5.5,"vote.count":430,"release.date":"1990-10-24","genre":12,"certification":"PG","genre_txt":"Adventure","year":1990,"lustrum":"90-94","decade":"90-99","log_budget":7.5051,"log_rev":7.2118,"id":"34636","pop_cat":"Middle","rating_cat":"Low-middle","rev_mill":16.28},{"X.1":348,"film":"Love Story","revenue":136400000,"budget":2200000,"language":"en","popularity":7908,"vote.average":6.7,"vote.count":322,"release.date":"1970-12-16","genre":18,"certification":"PG","genre_txt":"Drama","year":1970,"lustrum":"70-74","decade":"70-79","log_budget":6.3424,"log_rev":8.1348,"id":"9062","pop_cat":"Middle","rating_cat":"Middle","rev_mill":136.4},{"X.1":349,"film":"3 Men and a Baby","revenue":242780960,"budget":11000000,"language":"en","popularity":7905,"vote.average":6,"vote.count":544,"release.date":"1987-11-27","genre":10751,"certification":"PG","genre_txt":"Family","year":1987,"lustrum":"85-89","decade":"80-89","log_budget":7.0414,"log_rev":8.3852,"id":"12154","pop_cat":"Middle","rating_cat":"Middle","rev_mill":242.78},{"X.1":350,"film":"Bulletproof","revenue":22611954,"budget":25000000,"language":"en","popularity":7864,"vote.average":5.5,"vote.count":283,"release.date":"1996-09-06","genre":35,"certification":"R","genre_txt":"Comedy","year":1996,"lustrum":"95-99","decade":"90-99","log_budget":7.3979,"log_rev":7.3543,"id":"10723","pop_cat":"Middle","rating_cat":"Low-middle","rev_mill":22.61},{"X.1":351,"film":"K9","revenue":78247647,"budget":17000000,"language":"en","popularity":7858,"vote.average":5.8,"vote.count":478,"release.date":"1989-04-28","genre":28,"certification":"PG-13","genre_txt":"Action","year":1989,"lustrum":"85-89","decade":"80-89","log_budget":7.2304,"log_rev":7.8935,"id":"10345","pop_cat":"Middle","rating_cat":"Low-middle","rev_mill":78.25},{"X.1":352,"film":"Volcano","revenue":122823468,"budget":90000000,"language":"en","popularity":7834,"vote.average":5.6,"vote.count":760,"release.date":"1997-04-25","genre":28,"certification":"PG-13","genre_txt":"Action","year":1997,"lustrum":"95-99","decade":"90-99","log_budget":7.9542,"log_rev":8.0893,"id":"10357","pop_cat":"Middle","rating_cat":"Low-middle","rev_mill":122.82},{"X.1":353,"film":"Every Which Way But Loose","revenue":85,"budget":5,"language":"en","popularity":7828,"vote.average":6.1,"vote.count":231,"release.date":"1978-12-19","genre":28,"certification":"PG","genre_txt":"Action","year":1978,"lustrum":"75-79","decade":"70-79","log_budget":0.699,"log_rev":1.9294,"id":"15417","pop_cat":"Middle","rating_cat":"Middle","rev_mill":0},{"X.1":354,"film":"After Hours","revenue":10609321,"budget":4500000,"language":"en","popularity":7801,"vote.average":7.5,"vote.count":606,"release.date":"1985-09-13","genre":35,"certification":"R","genre_txt":"Comedy","year":1985,"lustrum":"85-89","decade":"80-89","log_budget":6.6532,"log_rev":7.0257,"id":"10843","pop_cat":"Middle","rating_cat":"Middle-High","rev_mill":10.61},{"X.1":355,"film":"Blood Simple","revenue":3851855,"budget":1500000,"language":"en","popularity":7765,"vote.average":7.4,"vote.count":636,"release.date":"1984-09-07","genre":80,"certification":"R","genre_txt":"Crime","year":1984,"lustrum":"80-84","decade":"80-89","log_budget":6.1761,"log_rev":6.5857,"id":"11368","pop_cat":"Middle","rating_cat":"Middle","rev_mill":3.85},{"X.1":356,"film":"The Muppet Christmas Carol","revenue":27281507,"budget":12000000,"language":"en","popularity":7745,"vote.average":7.4,"vote.count":507,"release.date":"1992-12-10","genre":10402,"certification":"G","genre_txt":"Music","year":1992,"lustrum":"90-94","decade":"90-99","log_budget":7.0792,"log_rev":7.4359,"id":"10437","pop_cat":"Middle","rating_cat":"Middle","rev_mill":27.28},{"X.1":357,"film":"Yentl","revenue":30400000,"budget":12000000,"language":"en","popularity":7735,"vote.average":6.6,"vote.count":110,"release.date":"1983-11-18","genre":18,"certification":"PG","genre_txt":"Drama","year":1983,"lustrum":"80-84","decade":"80-89","log_budget":7.0792,"log_rev":7.4829,"id":"10269","pop_cat":"Middle","rating_cat":"Middle","rev_mill":30.4},{"X.1":358,"film":"Enemy Mine","revenue":12303411,"budget":40000000,"language":"en","popularity":7722,"vote.average":6.8,"vote.count":467,"release.date":"1985-12-12","genre":18,"certification":"PG-13","genre_txt":"Drama","year":1985,"lustrum":"85-89","decade":"80-89","log_budget":7.6021,"log_rev":7.09,"id":"11864","pop_cat":"Middle","rating_cat":"Middle","rev_mill":12.3},{"X.1":359,"film":"Drop Dead Fred","revenue":13878334,"budget":6788000,"language":"en","popularity":7702,"vote.average":6.1,"vote.count":196,"release.date":"1991-04-19","genre":35,"certification":"PG-13","genre_txt":"Comedy","year":1991,"lustrum":"90-94","decade":"90-99","log_budget":6.8317,"log_rev":7.1423,"id":"10379","pop_cat":"Middle","rating_cat":"Middle","rev_mill":13.88},{"X.1":360,"film":"Smokey and the Bandit","revenue":126737428,"budget":4300000,"language":"en","popularity":7671,"vote.average":6.8,"vote.count":368,"release.date":"1977-05-26","genre":28,"certification":"PG","genre_txt":"Action","year":1977,"lustrum":"75-79","decade":"70-79","log_budget":6.6335,"log_rev":8.1029,"id":"11006","pop_cat":"Middle","rating_cat":"Middle","rev_mill":126.74},{"X.1":361,"film":"Halloween 5 The Revenge of Michael Myers","revenue":11642254,"budget":5000000,"language":"en","popularity":7642,"vote.average":5.2,"vote.count":521,"release.date":"1989-10-12","genre":27,"certification":"R","genre_txt":"Horror","year":1989,"lustrum":"85-89","decade":"80-89","log_budget":6.699,"log_rev":7.066,"id":"11361","pop_cat":"Middle","rating_cat":"Low","rev_mill":11.64},{"X.1":362,"film":"Death Wish II","revenue":45000000,"budget":2000000,"language":"en","popularity":7634,"vote.average":6.1,"vote.count":186,"release.date":"1982-02-20","genre":28,"certification":"R","genre_txt":"Action","year":1982,"lustrum":"80-84","decade":"80-89","log_budget":6.301,"log_rev":7.6532,"id":"14373","pop_cat":"Middle","rating_cat":"Middle","rev_mill":45},{"X.1":363,"film":"Airport 1975","revenue":47000000,"budget":3000000,"language":"en","popularity":7633,"vote.average":5.7,"vote.count":123,"release.date":"1974-10-18","genre":28,"certification":"PG","genre_txt":"Action","year":1974,"lustrum":"70-74","decade":"70-79","log_budget":6.4771,"log_rev":7.6721,"id":"27932","pop_cat":"Middle","rating_cat":"Low-middle","rev_mill":47},{"X.1":364,"film":"Sleepwalkers","revenue":30524763,"budget":15000000,"language":"en","popularity":7628,"vote.average":5.5,"vote.count":222,"release.date":"1992-04-10","genre":14,"certification":"R","genre_txt":"Fantasy","year":1992,"lustrum":"90-94","decade":"90-99","log_budget":7.1761,"log_rev":7.4847,"id":"11428","pop_cat":"Middle","rating_cat":"Low-middle","rev_mill":30.52},{"X.1":365,"film":"Urban Legend","revenue":72527595,"budget":14000000,"language":"en","popularity":7622,"vote.average":5.7,"vote.count":649,"release.date":"1998-09-25","genre":27,"certification":"R","genre_txt":"Horror","year":1998,"lustrum":"95-99","decade":"90-99","log_budget":7.1461,"log_rev":7.8605,"id":"9877","pop_cat":"Middle","rating_cat":"Low-middle","rev_mill":72.53},{"X.1":366,"film":"Boiler Room","revenue":28780255,"budget":26000000,"language":"en","popularity":7569,"vote.average":6.7,"vote.count":359,"release.date":"2000-02-18","genre":80,"certification":"R","genre_txt":"Crime","year":2000,"lustrum":"00-04","decade":"00-09","log_budget":7.415,"log_rev":7.4591,"id":"14181","pop_cat":"Middle","rating_cat":"Middle","rev_mill":28.78},{"X.1":367,"film":"Play Misty for Me","revenue":10600000,"budget":725000,"language":"en","popularity":7534,"vote.average":6.7,"vote.count":187,"release.date":"1971-11-03","genre":80,"certification":"R","genre_txt":"Crime","year":1971,"lustrum":"70-74","decade":"70-79","log_budget":5.8603,"log_rev":7.0253,"id":"15393","pop_cat":"Middle","rating_cat":"Middle","rev_mill":10.6},{"X.1":368,"film":"Everything You Always Wanted to Know About Sex But Were Afraid to Ask","revenue":18016290,"budget":2000000,"language":"en","popularity":7497,"vote.average":6.6,"vote.count":505,"release.date":"1972-08-06","genre":35,"certification":"R","genre_txt":"Comedy","year":1972,"lustrum":"70-74","decade":"70-79","log_budget":6.301,"log_rev":7.2557,"id":"11624","pop_cat":"Middle","rating_cat":"Middle","rev_mill":18.02},{"X.1":369,"film":"Return to the Blue Lagoon","revenue":2807854,"budget":11000000,"language":"en","popularity":7485,"vote.average":5.7,"vote.count":405,"release.date":"1991-08-02","genre":12,"certification":"PG-13","genre_txt":"Adventure","year":1991,"lustrum":"90-94","decade":"90-99","log_budget":7.0414,"log_rev":6.4484,"id":"13888","pop_cat":"Middle","rating_cat":"Low-middle","rev_mill":2.81},{"X.1":370,"film":"The Client","revenue":117615211,"budget":45000000,"language":"en","popularity":7481,"vote.average":6.6,"vote.count":577,"release.date":"1994-07-20","genre":18,"certification":"PG-13","genre_txt":"Drama","year":1994,"lustrum":"90-94","decade":"90-99","log_budget":7.6532,"log_rev":8.0705,"id":"10731","pop_cat":"Middle","rating_cat":"Middle","rev_mill":117.62},{"X.1":371,"film":"Pat Garrett  Billy the Kid","revenue":11000000,"budget":4638783,"language":"en","popularity":7453,"vote.average":7.2,"vote.count":164,"release.date":"1973-05-23","genre":37,"genre_txt":"Western","year":1973,"lustrum":"70-74","decade":"70-79","log_budget":6.6664,"log_rev":7.0414,"id":"11577","pop_cat":"Middle","rating_cat":"Middle","rev_mill":11},{"X.1":372,"film":"Caddyshack","revenue":39846344,"budget":6000000,"language":"en","popularity":7451,"vote.average":6.7,"vote.count":653,"release.date":"1980-07-25","genre":35,"certification":"R","genre_txt":"Comedy","year":1980,"lustrum":"80-84","decade":"80-89","log_budget":6.7782,"log_rev":7.6004,"id":"11977","pop_cat":"Middle","rating_cat":"Middle","rev_mill":39.85},{"X.1":373,"film":"King of New York","revenue":2554476,"budget":1000000,"language":"en","popularity":7441,"vote.average":6.7,"vote.count":255,"release.date":"1990-07-18","genre":80,"certification":"R","genre_txt":"Crime","year":1990,"lustrum":"90-94","decade":"90-99","log_budget":6,"log_rev":6.4073,"id":"9558","pop_cat":"Middle","rating_cat":"Middle","rev_mill":2.55},{"X.1":374,"film":"Force 10 from Navarone","revenue":7230000,"budget":5000000,"language":"en","popularity":7433,"vote.average":6.3,"vote.count":158,"release.date":"1978-11-01","genre":28,"certification":"PG","genre_txt":"Action","year":1978,"lustrum":"75-79","decade":"70-79","log_budget":6.699,"log_rev":6.8591,"id":"17339","pop_cat":"Middle","rating_cat":"Middle","rev_mill":7.23},{"X.1":375,"film":"Firefox","revenue":70687344,"budget":18000000,"language":"en","popularity":7427,"vote.average":6.1,"vote.count":253,"release.date":"1982-06-13","genre":878,"certification":"PG","genre_txt":"Science Fiction","year":1982,"lustrum":"80-84","decade":"80-89","log_budget":7.2553,"log_rev":7.8493,"id":"10724","pop_cat":"Middle","rating_cat":"Middle","rev_mill":70.69},{"X.1":376,"film":"Woodstock","revenue":34505110,"budget":600000,"language":"en","popularity":7419,"vote.average":7.5,"vote.count":136,"release.date":"1970-03-26","genre":99,"certification":"R","genre_txt":"Documentary","year":1970,"lustrum":"70-74","decade":"70-79","log_budget":5.7782,"log_rev":7.5379,"id":"9459","pop_cat":"Middle","rating_cat":"Middle-High","rev_mill":34.51},{"X.1":377,"film":"Gallipoli","revenue":11740000,"budget":3000000,"language":"en","popularity":7414,"vote.average":7.2,"vote.count":231,"release.date":"1981-08-13","genre":12,"certification":"PG","genre_txt":"Adventure","year":1981,"lustrum":"80-84","decade":"80-89","log_budget":6.4771,"log_rev":7.0697,"id":"11646","pop_cat":"Middle","rating_cat":"Middle","rev_mill":11.74},{"X.1":378,"film":"The Secret of NIMH","revenue":14665733,"budget":7000000,"language":"en","popularity":7388,"vote.average":7.5,"vote.count":459,"release.date":"1982-06-17","genre":12,"certification":"G","genre_txt":"Adventure","year":1982,"lustrum":"80-84","decade":"80-89","log_budget":6.8451,"log_rev":7.1663,"id":"11704","pop_cat":"Middle","rating_cat":"Middle-High","rev_mill":14.67},{"X.1":379,"film":"The Towering Inferno","revenue":116000000,"budget":14000000,"language":"en","popularity":7383,"vote.average":7.1,"vote.count":456,"release.date":"1974-12-14","genre":28,"certification":"PG","genre_txt":"Action","year":1974,"lustrum":"70-74","decade":"70-79","log_budget":7.1461,"log_rev":8.0645,"id":"5919","pop_cat":"Middle","rating_cat":"Middle","rev_mill":116},{"X.1":380,"film":"Earthquake","revenue":79666653,"budget":7000000,"language":"en","popularity":7379,"vote.average":5.8,"vote.count":142,"release.date":"1974-11-15","genre":28,"certification":"PG","genre_txt":"Action","year":1974,"lustrum":"70-74","decade":"70-79","log_budget":6.8451,"log_rev":7.9013,"id":"11123","pop_cat":"Middle","rating_cat":"Low-middle","rev_mill":79.67},{"X.1":381,"film":"Double Impact","revenue":30102717,"budget":15000000,"language":"en","popularity":7355,"vote.average":5.6,"vote.count":449,"release.date":"1991-07-31","genre":28,"certification":"R","genre_txt":"Action","year":1991,"lustrum":"90-94","decade":"90-99","log_budget":7.1761,"log_rev":7.4786,"id":"9594","pop_cat":"Middle","rating_cat":"Low-middle","rev_mill":30.1},{"X.1":382,"film":"The Enforcer","revenue":46236000,"budget":9000000,"language":"en","popularity":7346,"vote.average":6.8,"vote.count":424,"release.date":"1976-12-20","genre":28,"certification":"R","genre_txt":"Action","year":1976,"lustrum":"75-79","decade":"70-79","log_budget":6.9542,"log_rev":7.665,"id":"10649","pop_cat":"Middle","rating_cat":"Middle","rev_mill":46.24},{"X.1":383,"film":"Porkys 3 Revenge","revenue":20518905,"budget":9000000,"language":"en","popularity":7308,"vote.average":5.1,"vote.count":104,"release.date":"1985-03-22","genre":35,"certification":"R","genre_txt":"Comedy","year":1985,"lustrum":"85-89","decade":"80-89","log_budget":6.9542,"log_rev":7.3122,"id":"23919","pop_cat":"Low-middle","rating_cat":"Low","rev_mill":20.52},{"X.1":384,"film":"The Pink Panther Strikes Again","revenue":33833201,"budget":6000000,"language":"en","popularity":7275,"vote.average":6.9,"vote.count":242,"release.date":"1976-12-15","genre":35,"certification":"PG","genre_txt":"Comedy","year":1976,"lustrum":"75-79","decade":"70-79","log_budget":6.7782,"log_rev":7.5293,"id":"12268","pop_cat":"Low-middle","rating_cat":"Middle","rev_mill":33.83},{"X.1":385,"film":"The Cannonball Run","revenue":72179579,"budget":18000000,"language":"en","popularity":7233,"vote.average":6.2,"vote.count":306,"release.date":"1981-06-19","genre":28,"certification":"PG","genre_txt":"Action","year":1981,"lustrum":"80-84","decade":"80-89","log_budget":7.2553,"log_rev":7.8584,"id":"11286","pop_cat":"Low-middle","rating_cat":"Middle","rev_mill":72.18},{"X.1":386,"film":"Piranha","revenue":16000000,"budget":660000,"language":"en","popularity":7217,"vote.average":5.8,"vote.count":279,"release.date":"1978-08-03","genre":35,"certification":"R","genre_txt":"Comedy","year":1978,"lustrum":"75-79","decade":"70-79","log_budget":5.8195,"log_rev":7.2041,"id":"24831","pop_cat":"Low-middle","rating_cat":"Low-middle","rev_mill":16},{"X.1":387,"film":"Dressed to Kill","revenue":31899000,"budget":6500000,"language":"en","popularity":7163,"vote.average":6.8,"vote.count":370,"release.date":"1980-07-25","genre":9648,"certification":"R","genre_txt":"Mystery","year":1980,"lustrum":"80-84","decade":"80-89","log_budget":6.8129,"log_rev":7.5038,"id":"11033","pop_cat":"Low-middle","rating_cat":"Middle","rev_mill":31.9},{"X.1":388,"film":"Little Shop of Horrors","revenue":38748395,"budget":25000000,"language":"en","popularity":7137,"vote.average":6.9,"vote.count":809,"release.date":"1986-12-19","genre":35,"certification":"PG-13","genre_txt":"Comedy","year":1986,"lustrum":"85-89","decade":"80-89","log_budget":7.3979,"log_rev":7.5883,"id":"10776","pop_cat":"Low-middle","rating_cat":"Middle","rev_mill":38.75},{"X.1":389,"film":"Phantasm","revenue":11988469,"budget":300000,"language":"en","popularity":7129,"vote.average":6.6,"vote.count":322,"release.date":"1979-05-03","genre":27,"certification":"R","genre_txt":"Horror","year":1979,"lustrum":"75-79","decade":"70-79","log_budget":5.4771,"log_rev":7.0788,"id":"9638","pop_cat":"Low-middle","rating_cat":"Middle","rev_mill":11.99},{"X.1":390,"film":"Sinbad and the Eye of the Tiger","revenue":16000000,"budget":3500000,"language":"en","popularity":7121,"vote.average":6.5,"vote.count":81,"release.date":"1977-07-15","genre":28,"certification":"G","genre_txt":"Action","year":1977,"lustrum":"75-79","decade":"70-79","log_budget":6.5441,"log_rev":7.2041,"id":"11940","pop_cat":"Low-middle","rating_cat":"Middle","rev_mill":16},{"X.1":391,"film":"A Room with a View","revenue":20966644,"budget":3000000,"language":"en","popularity":7107,"vote.average":7,"vote.count":373,"release.date":"1985-12-13","genre":18,"certification":"R","genre_txt":"Drama","year":1985,"lustrum":"85-89","decade":"80-89","log_budget":6.4771,"log_rev":7.3215,"id":"11257","pop_cat":"Low-middle","rating_cat":"Middle","rev_mill":20.97},{"X.1":392,"film":"The Great Gatsby","revenue":26533200,"budget":6500000,"language":"en","popularity":7095,"vote.average":6.3,"vote.count":274,"release.date":"1974-03-27","genre":18,"certification":"PG","genre_txt":"Drama","year":1974,"lustrum":"70-74","decade":"70-79","log_budget":6.8129,"log_rev":7.4238,"id":"11034","pop_cat":"Low-middle","rating_cat":"Middle","rev_mill":26.53},{"X.1":393,"film":"The Dark Crystal","revenue":40577001,"budget":15000000,"language":"en","popularity":7087,"vote.average":7.2,"vote.count":589,"release.date":"1982-12-17","genre":12,"certification":"PG","genre_txt":"Adventure","year":1982,"lustrum":"80-84","decade":"80-89","log_budget":7.1761,"log_rev":7.6083,"id":"11639","pop_cat":"Low-middle","rating_cat":"Middle","rev_mill":40.58},{"X.1":394,"film":"Poltergeist III","revenue":14144000,"budget":10500000,"language":"en","popularity":7012,"vote.average":5,"vote.count":237,"release.date":"1988-06-10","genre":27,"certification":"PG-13","genre_txt":"Horror","year":1988,"lustrum":"85-89","decade":"80-89","log_budget":7.0212,"log_rev":7.1506,"id":"10306","pop_cat":"Low-middle","rating_cat":"Low","rev_mill":14.14},{"X.1":395,"film":"Airport","revenue":100489151,"budget":10000000,"language":"en","popularity":7008,"vote.average":6.5,"vote.count":170,"release.date":"1970-03-05","genre":28,"certification":"G","genre_txt":"Action","year":1970,"lustrum":"70-74","decade":"70-79","log_budget":7,"log_rev":8.0021,"id":"10671","pop_cat":"Low-middle","rating_cat":"Middle","rev_mill":100.49},{"X.1":396,"film":"Popeye","revenue":49823037,"budget":20000000,"language":"en","popularity":7001,"vote.average":5.3,"vote.count":320,"release.date":"1980-12-12","genre":28,"certification":"PG","genre_txt":"Action","year":1980,"lustrum":"80-84","decade":"80-89","log_budget":7.301,"log_rev":7.6974,"id":"11335","pop_cat":"Low-middle","rating_cat":"Low","rev_mill":49.82},{"X.1":397,"film":"Death on the Nile","revenue":14560084,"budget":7920000,"language":"en","popularity":6963,"vote.average":7,"vote.count":296,"release.date":"1978-10-06","genre":9648,"genre_txt":"Mystery","year":1978,"lustrum":"75-79","decade":"70-79","log_budget":6.8987,"log_rev":7.1632,"id":"4192","pop_cat":"Low-middle","rating_cat":"Middle","rev_mill":14.56},{"X.1":398,"film":"Deliverance","revenue":46122355,"budget":2000000,"language":"en","popularity":6938,"vote.average":7.3,"vote.count":830,"release.date":"1972-07-30","genre":18,"certification":"R","genre_txt":"Drama","year":1972,"lustrum":"70-74","decade":"70-79","log_budget":6.301,"log_rev":7.6639,"id":"10669","pop_cat":"Low-middle","rating_cat":"Middle","rev_mill":46.12},{"X.1":399,"film":"Fiddler on the Roof","revenue":83304330,"budget":9000000,"language":"en","popularity":6933,"vote.average":7.7,"vote.count":257,"release.date":"1971-11-03","genre":18,"certification":"G","genre_txt":"Drama","year":1971,"lustrum":"70-74","decade":"70-79","log_budget":6.9542,"log_rev":7.9207,"id":"14811","pop_cat":"Low-middle","rating_cat":"Middle-High","rev_mill":83.3},{"X.1":400,"film":"Tora Tora Tora","revenue":29548291,"budget":25485000,"language":"en","popularity":6885,"vote.average":7.1,"vote.count":252,"release.date":"1970-01-26","genre":18,"certification":"G","genre_txt":"Drama","year":1970,"lustrum":"70-74","decade":"70-79","log_budget":7.4063,"log_rev":7.4705,"id":"11165","pop_cat":"Low-middle","rating_cat":"Middle","rev_mill":29.55},{"X.1":401,"film":"The Natural","revenue":47951979,"budget":28000000,"language":"en","popularity":6877,"vote.average":7,"vote.count":305,"release.date":"1984-05-11","genre":18,"certification":"PG","genre_txt":"Drama","year":1984,"lustrum":"80-84","decade":"80-89","log_budget":7.4472,"log_rev":7.6808,"id":"11393","pop_cat":"Low-middle","rating_cat":"Middle","rev_mill":47.95},{"X.1":402,"film":"Psycho II","revenue":34725000,"budget":5000000,"language":"en","popularity":6836,"vote.average":6.3,"vote.count":312,"release.date":"1983-06-03","genre":27,"certification":"R","genre_txt":"Horror","year":1983,"lustrum":"80-84","decade":"80-89","log_budget":6.699,"log_rev":7.5406,"id":"10576","pop_cat":"Low-middle","rating_cat":"Middle","rev_mill":34.73},{"X.1":403,"film":"Death Wish","revenue":22000000,"budget":3000000,"language":"en","popularity":6818,"vote.average":6.9,"vote.count":362,"release.date":"1974-07-24","genre":28,"certification":"R","genre_txt":"Action","year":1974,"lustrum":"70-74","decade":"70-79","log_budget":6.4771,"log_rev":7.3424,"id":"13939","pop_cat":"Low-middle","rating_cat":"Middle","rev_mill":22},{"X.1":404,"film":"Orca The Killer Whale","revenue":14717854,"budget":6000000,"language":"en","popularity":6782,"vote.average":6,"vote.count":167,"release.date":"1977-07-22","genre":12,"certification":"PG","genre_txt":"Adventure","year":1977,"lustrum":"75-79","decade":"70-79","log_budget":6.7782,"log_rev":7.1678,"id":"12707","pop_cat":"Low-middle","rating_cat":"Middle","rev_mill":14.72},{"X.1":405,"film":"High Anxiety","revenue":31063038,"budget":4015000,"language":"en","popularity":6781,"vote.average":6.5,"vote.count":163,"release.date":"1977-12-25","genre":35,"certification":"PG","genre_txt":"Comedy","year":1977,"lustrum":"75-79","decade":"70-79","log_budget":6.6037,"log_rev":7.4922,"id":"12535","pop_cat":"Low-middle","rating_cat":"Middle","rev_mill":31.06},{"X.1":406,"film":"Cujo","revenue":21200000,"budget":5000000,"language":"en","popularity":6778,"vote.average":6,"vote.count":466,"release.date":"1983-08-10","genre":27,"certification":"R","genre_txt":"Horror","year":1983,"lustrum":"80-84","decade":"80-89","log_budget":6.699,"log_rev":7.3263,"id":"10489","pop_cat":"Low-middle","rating_cat":"Middle","rev_mill":21.2},{"X.1":407,"film":"New York New York","revenue":16400000,"budget":14000000,"language":"en","popularity":6739,"vote.average":6.6,"vote.count":211,"release.date":"1977-06-21","genre":18,"genre_txt":"Drama","year":1977,"lustrum":"75-79","decade":"70-79","log_budget":7.1461,"log_rev":7.2148,"id":"12637","pop_cat":"Low-middle","rating_cat":"Middle","rev_mill":16.4},{"X.1":408,"film":"Family Plot","revenue":7900000,"budget":2000000,"language":"en","popularity":6722,"vote.average":6.8,"vote.count":184,"release.date":"1976-04-09","genre":35,"certification":"PG","genre_txt":"Comedy","year":1976,"lustrum":"75-79","decade":"70-79","log_budget":6.301,"log_rev":6.8976,"id":"5854","pop_cat":"Low-middle","rating_cat":"Middle","rev_mill":7.9},{"X.1":409,"film":"Interiors","revenue":10400000,"budget":10000000,"language":"en","popularity":6709,"vote.average":6.9,"vote.count":184,"release.date":"1978-08-02","genre":18,"certification":"PG","genre_txt":"Drama","year":1978,"lustrum":"75-79","decade":"70-79","log_budget":7,"log_rev":7.017,"id":"15867","pop_cat":"Low-middle","rating_cat":"Middle","rev_mill":10.4},{"X.1":410,"film":"Wizards","revenue":9000000,"budget":1200000,"language":"en","popularity":6617,"vote.average":6.5,"vote.count":95,"release.date":"1977-02-09","genre":16,"certification":"PG","genre_txt":"Animation","year":1977,"lustrum":"75-79","decade":"70-79","log_budget":6.0792,"log_rev":6.9542,"id":"16220","pop_cat":"Low-middle","rating_cat":"Middle","rev_mill":9},{"X.1":411,"film":"King Kong","revenue":90614445,"budget":23000000,"language":"en","popularity":6615,"vote.average":6.1,"vote.count":399,"release.date":"1976-09-08","genre":12,"certification":"PG","genre_txt":"Adventure","year":1976,"lustrum":"75-79","decade":"70-79","log_budget":7.3617,"log_rev":7.9572,"id":"10730","pop_cat":"Low-middle","rating_cat":"Middle","rev_mill":90.61},{"X.1":412,"film":"Staying Alive","revenue":64892670,"budget":22000000,"language":"en","popularity":6594,"vote.average":5.4,"vote.count":228,"release.date":"1983-07-11","genre":18,"certification":"PG","genre_txt":"Drama","year":1983,"lustrum":"80-84","decade":"80-89","log_budget":7.3424,"log_rev":7.8122,"id":"10805","pop_cat":"Low-middle","rating_cat":"Low","rev_mill":64.89},{"X.1":413,"film":"The Return of the Pink Panther","revenue":41833347,"budget":5000000,"language":"en","popularity":6588,"vote.average":6.9,"vote.count":254,"release.date":"1975-05-21","genre":9648,"certification":"G","genre_txt":"Mystery","year":1975,"lustrum":"75-79","decade":"70-79","log_budget":6.699,"log_rev":7.6215,"id":"11843","pop_cat":"Low-middle","rating_cat":"Middle","rev_mill":41.83},{"X.1":414,"film":"The Verdict","revenue":53977250,"budget":16000000,"language":"en","popularity":6585,"vote.average":7.4,"vote.count":278,"release.date":"1982-12-08","genre":18,"certification":"R","genre_txt":"Drama","year":1982,"lustrum":"80-84","decade":"80-89","log_budget":7.2041,"log_rev":7.7322,"id":"24226","pop_cat":"Low-middle","rating_cat":"Middle","rev_mill":53.98},{"X.1":415,"film":"Airport 77","revenue":30000000,"budget":6000000,"language":"en","popularity":6582,"vote.average":5.7,"vote.count":126,"release.date":"1977-03-11","genre":28,"certification":"PG","genre_txt":"Action","year":1977,"lustrum":"75-79","decade":"70-79","log_budget":6.7782,"log_rev":7.4771,"id":"7227","pop_cat":"Low-middle","rating_cat":"Low-middle","rev_mill":30},{"X.1":416,"film":"Sorcerer","revenue":9000000,"budget":12000000,"language":"en","popularity":6575,"vote.average":7.5,"vote.count":193,"release.date":"1977-06-24","genre":12,"certification":"PG","genre_txt":"Adventure","year":1977,"lustrum":"75-79","decade":"70-79","log_budget":7.0792,"log_rev":6.9542,"id":"38985","pop_cat":"Low-middle","rating_cat":"Middle-High","rev_mill":9},{"X.1":417,"film":"Eyes of Laura Mars","revenue":20000000,"budget":7000000,"language":"en","popularity":6558,"vote.average":5.8,"vote.count":96,"release.date":"1978-08-02","genre":18,"certification":"R","genre_txt":"Drama","year":1978,"lustrum":"75-79","decade":"70-79","log_budget":6.8451,"log_rev":7.301,"id":"29143","pop_cat":"Low-middle","rating_cat":"Low-middle","rev_mill":20},{"X.1":418,"film":"Exorcist II The Heretic","revenue":30749142,"budget":14000000,"language":"en","popularity":6528,"vote.average":4.5,"vote.count":302,"release.date":"1977-06-17","genre":27,"certification":"R","genre_txt":"Horror","year":1977,"lustrum":"75-79","decade":"70-79","log_budget":7.1461,"log_rev":7.4878,"id":"11586","pop_cat":"Low-middle","rating_cat":"Low","rev_mill":30.75},{"X.1":419,"film":"Beyond the Valley of the Dolls","revenue":40000000,"budget":2090000,"language":"en","popularity":6483,"vote.average":6.5,"vote.count":101,"release.date":"1970-07-17","genre":35,"genre_txt":"Comedy","year":1970,"lustrum":"70-74","decade":"70-79","log_budget":6.3201,"log_rev":7.6021,"id":"5722","pop_cat":"Low-middle","rating_cat":"Middle","rev_mill":40},{"X.1":420,"film":"Death Race 2000","revenue":8000000,"budget":300000,"language":"en","popularity":6476,"vote.average":6.1,"vote.count":230,"release.date":"1975-04-27","genre":28,"certification":"R","genre_txt":"Action","year":1975,"lustrum":"75-79","decade":"70-79","log_budget":5.4771,"log_rev":6.9031,"id":"13282","pop_cat":"Low-middle","rating_cat":"Middle","rev_mill":8},{"X.1":421,"film":"Silver Streak","revenue":51079064,"budget":6500000,"language":"en","popularity":6463,"vote.average":6.7,"vote.count":157,"release.date":"1976-12-03","genre":35,"certification":"PG","genre_txt":"Comedy","year":1976,"lustrum":"75-79","decade":"70-79","log_budget":6.8129,"log_rev":7.7082,"id":"11558","pop_cat":"Low-middle","rating_cat":"Middle","rev_mill":51.08},{"X.1":422,"film":"White Fang","revenue":34793160,"budget":14000000,"language":"en","popularity":6444,"vote.average":6.5,"vote.count":308,"release.date":"1991-01-18","genre":28,"certification":"PG","genre_txt":"Action","year":1991,"lustrum":"90-94","decade":"90-99","log_budget":7.1461,"log_rev":7.5415,"id":"12227","pop_cat":"Low-middle","rating_cat":"Middle","rev_mill":34.79},{"X.1":423,"film":"Tommy","revenue":34251525,"budget":5000000,"language":"en","popularity":6425,"vote.average":6.4,"vote.count":164,"release.date":"1975-03-19","genre":18,"certification":"PG","genre_txt":"Drama","year":1975,"lustrum":"75-79","decade":"70-79","log_budget":6.699,"log_rev":7.5347,"id":"11326","pop_cat":"Low-middle","rating_cat":"Middle","rev_mill":34.25},{"X.1":424,"film":"Sophies Choice","revenue":30036000,"budget":12000000,"language":"en","popularity":6414,"vote.average":7.5,"vote.count":436,"release.date":"1982-12-08","genre":18,"certification":"R","genre_txt":"Drama","year":1982,"lustrum":"80-84","decade":"80-89","log_budget":7.0792,"log_rev":7.4776,"id":"15764","pop_cat":"Low-middle","rating_cat":"Middle-High","rev_mill":30.04},{"X.1":425,"film":"Logans Run","revenue":25000000,"budget":9000000,"language":"en","popularity":6386,"vote.average":6.6,"vote.count":471,"release.date":"1976-06-23","genre":28,"certification":"PG","genre_txt":"Action","year":1976,"lustrum":"75-79","decade":"70-79","log_budget":6.9542,"log_rev":7.3979,"id":"10803","pop_cat":"Low-middle","rating_cat":"Middle","rev_mill":25},{"X.1":426,"film":"Annie","revenue":57059003,"budget":50000000,"language":"en","popularity":6378,"vote.average":6.4,"vote.count":404,"release.date":"1982-06-18","genre":35,"certification":"PG","genre_txt":"Comedy","year":1982,"lustrum":"80-84","decade":"80-89","log_budget":7.699,"log_rev":7.7563,"id":"15739","pop_cat":"Low-middle","rating_cat":"Middle","rev_mill":57.06},{"X.1":427,"film":"The Cat o Nine Tails","revenue":1204739,"budget":1000000,"language":"it","popularity":6304,"vote.average":6.7,"vote.count":175,"release.date":"1971-02-12","genre":27,"genre_txt":"Horror","year":1971,"lustrum":"70-74","decade":"70-79","log_budget":6,"log_rev":6.0809,"id":"27431","pop_cat":"Low-middle","rating_cat":"Middle","rev_mill":1.2},{"X.1":428,"film":"The Man from Snowy River","revenue":20659423,"budget":3500000,"language":"en","popularity":6274,"vote.average":7,"vote.count":71,"release.date":"1982-03-02","genre":12,"certification":"PG","genre_txt":"Adventure","year":1982,"lustrum":"80-84","decade":"80-89","log_budget":6.5441,"log_rev":7.3151,"id":"24266","pop_cat":"Low-middle","rating_cat":"Middle","rev_mill":20.66},{"X.1":429,"film":"Paper Moon","revenue":30900000,"budget":2500000,"language":"en","popularity":6226,"vote.average":7.9,"vote.count":327,"release.date":"1973-05-09","genre":35,"certification":"PG","genre_txt":"Comedy","year":1973,"lustrum":"70-74","decade":"70-79","log_budget":6.3979,"log_rev":7.49,"id":"11293","pop_cat":"Low-middle","rating_cat":"Middle-High","rev_mill":30.9},{"X.1":430,"film":"The Concorde Airport 79","revenue":13015688,"budget":14000000,"language":"en","popularity":6204,"vote.average":4.7,"vote.count":80,"release.date":"1979-08-17","genre":28,"certification":"PG","genre_txt":"Action","year":1979,"lustrum":"75-79","decade":"70-79","log_budget":7.1461,"log_rev":7.1145,"id":"29723","pop_cat":"Low-middle","rating_cat":"Low","rev_mill":13.02},{"X.1":431,"film":"Sleepaway Camp","revenue":11000000,"budget":350000,"language":"en","popularity":6135,"vote.average":6.2,"vote.count":272,"release.date":"1983-11-18","genre":27,"certification":"R","genre_txt":"Horror","year":1983,"lustrum":"80-84","decade":"80-89","log_budget":5.5441,"log_rev":7.0414,"id":"13567","pop_cat":"Low-middle","rating_cat":"Middle","rev_mill":11},{"X.1":432,"film":"The Getaway","revenue":58831997,"budget":3352254,"language":"en","popularity":6101,"vote.average":7.1,"vote.count":252,"release.date":"1972-09-20","genre":28,"certification":"PG","genre_txt":"Action","year":1972,"lustrum":"70-74","decade":"70-79","log_budget":6.5253,"log_rev":7.7696,"id":"5916","pop_cat":"Low-middle","rating_cat":"Middle","rev_mill":58.83},{"X.1":433,"film":"Little Big Man","revenue":31559552,"budget":15000000,"language":"en","popularity":5943,"vote.average":7.7,"vote.count":280,"release.date":"1970-12-14","genre":12,"certification":"PG-13","genre_txt":"Adventure","year":1970,"lustrum":"70-74","decade":"70-79","log_budget":7.1761,"log_rev":7.4991,"id":"11040","pop_cat":"Low-middle","rating_cat":"Middle-High","rev_mill":31.56},{"X.1":434,"film":"And Now for Something Completely Different","revenue":7000,"budget":100000,"language":"en","popularity":5836,"vote.average":7.3,"vote.count":272,"release.date":"1971-09-28","genre":35,"certification":"PG","genre_txt":"Comedy","year":1971,"lustrum":"70-74","decade":"70-79","log_budget":5,"log_rev":3.8451,"id":"9267","pop_cat":"Low-middle","rating_cat":"Middle","rev_mill":0.01},{"X.1":435,"film":"The Last Picture Show","revenue":29133000,"budget":1300000,"language":"en","popularity":5834,"vote.average":7.8,"vote.count":293,"release.date":"1971-10-03","genre":18,"certification":"R","genre_txt":"Drama","year":1971,"lustrum":"70-74","decade":"70-79","log_budget":6.1139,"log_rev":7.4644,"id":"25188","pop_cat":"Low-middle","rating_cat":"Middle-High","rev_mill":29.13},{"X.1":436,"film":"The Hills Have Eyes","revenue":25000000,"budget":230000,"language":"en","popularity":5831,"vote.average":6.1,"vote.count":395,"release.date":"1977-07-22","genre":27,"certification":"R","genre_txt":"Horror","year":1977,"lustrum":"75-79","decade":"70-79","log_budget":5.3617,"log_rev":7.3979,"id":"12262","pop_cat":"Low-middle","rating_cat":"Middle","rev_mill":25},{"X.1":437,"film":"The Sugarland Express","revenue":12800000,"budget":3000000,"language":"en","popularity":5782,"vote.average":6.6,"vote.count":165,"release.date":"1974-04-05","genre":80,"certification":"PG","genre_txt":"Crime","year":1974,"lustrum":"70-74","decade":"70-79","log_budget":6.4771,"log_rev":7.1072,"id":"5121","pop_cat":"Low-middle","rating_cat":"Middle","rev_mill":12.8},{"X.1":438,"film":"Vanishing Point","revenue":72266306,"budget":1300000,"language":"en","popularity":5698,"vote.average":7.2,"vote.count":224,"release.date":"1971-01-15","genre":28,"certification":"R","genre_txt":"Action","year":1971,"lustrum":"70-74","decade":"70-79","log_budget":6.1139,"log_rev":7.8589,"id":"11951","pop_cat":"Low-middle","rating_cat":"Middle","rev_mill":72.27},{"X.1":439,"film":"Whats Up Doc","revenue":66000000,"budget":4000000,"language":"en","popularity":5659,"vote.average":7.3,"vote.count":141,"release.date":"1972-03-09","genre":35,"certification":"G","genre_txt":"Comedy","year":1972,"lustrum":"70-74","decade":"70-79","log_budget":6.6021,"log_rev":7.8195,"id":"6949","pop_cat":"Low-middle","rating_cat":"Middle","rev_mill":66},{"X.1":440,"film":"Porkys II The Next Day","revenue":33759266,"budget":6500000,"language":"en","popularity":5555,"vote.average":5.3,"vote.count":126,"release.date":"1983-06-24","genre":35,"certification":"R","genre_txt":"Comedy","year":1983,"lustrum":"80-84","decade":"80-89","log_budget":6.8129,"log_rev":7.5284,"id":"19698","pop_cat":"Low-middle","rating_cat":"Low","rev_mill":33.76},{"X.1":441,"film":"Black Christmas","revenue":4053000,"budget":620000,"language":"en","popularity":5536,"vote.average":6.9,"vote.count":314,"release.date":"1974-10-11","genre":27,"certification":"R","genre_txt":"Horror","year":1974,"lustrum":"70-74","decade":"70-79","log_budget":5.7924,"log_rev":6.6078,"id":"16938","pop_cat":"Low-middle","rating_cat":"Middle","rev_mill":4.05},{"X.1":442,"film":"Altered States","revenue":19853892,"budget":15000000,"language":"en","popularity":5515,"vote.average":6.7,"vote.count":325,"release.date":"1980-12-25","genre":27,"certification":"R","genre_txt":"Horror","year":1980,"lustrum":"80-84","decade":"80-89","log_budget":7.1761,"log_rev":7.2978,"id":"11542","pop_cat":"Low-middle","rating_cat":"Middle","rev_mill":19.85},{"X.1":443,"film":"The Private Life of Sherlock Holmes","revenue":1500000,"budget":10000000,"language":"en","popularity":5439,"vote.average":7,"vote.count":135,"release.date":"1970-10-29","genre":12,"certification":"PG-13","genre_txt":"Adventure","year":1970,"lustrum":"70-74","decade":"70-79","log_budget":7,"log_rev":6.1761,"id":"5185","pop_cat":"Low-middle","rating_cat":"Middle","rev_mill":1.5},{"X.1":444,"film":"Sheena","revenue":5778353,"budget":25000000,"language":"en","popularity":5375,"vote.average":5.3,"vote.count":59,"release.date":"1984-08-17","genre":28,"certification":"PG","genre_txt":"Action","year":1984,"lustrum":"80-84","decade":"80-89","log_budget":7.3979,"log_rev":6.7618,"id":"24264","pop_cat":"Low-middle","rating_cat":"Low","rev_mill":5.78},{"X.1":445,"film":"The Ballad of Cable Hogue","revenue":5000000,"budget":3716946,"language":"en","popularity":5261,"vote.average":7.1,"vote.count":93,"release.date":"1970-05-13","genre":28,"certification":"R","genre_txt":"Action","year":1970,"lustrum":"70-74","decade":"70-79","log_budget":6.5702,"log_rev":6.699,"id":"23330","pop_cat":"Low-middle","rating_cat":"Middle","rev_mill":5},{"X.1":446,"film":"Sleeper","revenue":18344729,"budget":2000000,"language":"en","popularity":5223,"vote.average":7.1,"vote.count":438,"release.date":"1973-12-17","genre":35,"certification":"PG","genre_txt":"Comedy","year":1973,"lustrum":"70-74","decade":"70-79","log_budget":6.301,"log_rev":7.2635,"id":"11561","pop_cat":"Low-middle","rating_cat":"Middle","rev_mill":18.34},{"X.1":447,"film":"Bananas","revenue":11833696,"budget":2000000,"language":"en","popularity":5112,"vote.average":6.7,"vote.count":377,"release.date":"1971-04-28","genre":35,"certification":"PG-13","genre_txt":"Comedy","year":1971,"lustrum":"70-74","decade":"70-79","log_budget":6.301,"log_rev":7.0731,"id":"11302","pop_cat":"Low-middle","rating_cat":"Middle","rev_mill":11.83},{"X.1":448,"film":"Love and Death","revenue":20173742,"budget":3000000,"language":"en","popularity":5109,"vote.average":7.7,"vote.count":443,"release.date":"1975-06-10","genre":35,"certification":"PG","genre_txt":"Comedy","year":1975,"lustrum":"75-79","decade":"70-79","log_budget":6.4771,"log_rev":7.3048,"id":"11686","pop_cat":"Low-middle","rating_cat":"Middle-High","rev_mill":20.17},{"X.1":449,"film":"Knives Out","revenue":163700000,"budget":40000000,"language":"en","popularity":96.02,"vote.average":7.8,"vote.count":2670,"release.date":"2019-11-27","genre":35,"certification":"PG-13","genre_txt":"Comedy","year":2019,"lustrum":"14-19","decade":"10-19","log_budget":7.6021,"log_rev":8.214,"id":"546554","pop_cat":"Low","rating_cat":"Middle-High","rev_mill":163.7},{"X.1":450,"film":"Charlies Angels","revenue":70960003,"budget":48000000,"language":"en","popularity":59.7,"vote.average":6.5,"vote.count":642,"release.date":"2019-11-14","genre":28,"certification":"PG-13","genre_txt":"Action","year":2019,"lustrum":"14-19","decade":"10-19","log_budget":7.6812,"log_rev":7.851,"id":"458897","pop_cat":"Low","rating_cat":"Middle","rev_mill":70.96},{"X.1":451,"film":"Doctor Sleep","revenue":72281712,"budget":45000000,"language":"en","popularity":41.78,"vote.average":7.1,"vote.count":1201,"release.date":"2019-10-30","genre":27,"certification":"R","genre_txt":"Horror","year":2019,"lustrum":"14-19","decade":"10-19","log_budget":7.6532,"log_rev":7.859,"id":"501170","pop_cat":"Low","rating_cat":"Middle","rev_mill":72.28},{"X.1":452,"film":"A Quiet Place","revenue":340677200,"budget":17000000,"language":"en","popularity":37.28,"vote.average":7.3,"vote.count":7367,"release.date":"2018-04-03","genre":18,"certification":"PG-13","genre_txt":"Drama","year":2018,"lustrum":"14-19","decade":"10-19","log_budget":7.2304,"log_rev":8.5323,"id":"447332","pop_cat":"Low","rating_cat":"Middle","rev_mill":340.68},{"X.1":453,"film":"Rambo Last Blood","revenue":91490353,"budget":50000000,"language":"en","popularity":32.76,"vote.average":6,"vote.count":1302,"release.date":"2019-09-19","genre":28,"certification":"R","genre_txt":"Action","year":2019,"lustrum":"14-19","decade":"10-19","log_budget":7.699,"log_rev":7.9614,"id":"522938","pop_cat":"Low","rating_cat":"Middle","rev_mill":91.49},{"X.1":454,"film":"Casino Royale","revenue":599045960,"budget":150000000,"language":"en","popularity":29.55,"vote.average":7.4,"vote.count":6757,"release.date":"2006-11-14","genre":28,"certification":"PG-13","genre_txt":"Action","year":2006,"lustrum":"05-09","decade":"00-09","log_budget":8.1761,"log_rev":8.7775,"id":"36557","pop_cat":"Low","rating_cat":"Middle","rev_mill":599.05},{"X.1":455,"film":"Jurassic World Fallen Kingdom","revenue":1303459585,"budget":170000000,"language":"en","popularity":28.35,"vote.average":6.5,"vote.count":7004,"release.date":"2018-06-06","genre":28,"certification":"PG-13","genre_txt":"Action","year":2018,"lustrum":"14-19","decade":"10-19","log_budget":8.2304,"log_rev":9.1151,"id":"351286","pop_cat":"Low","rating_cat":"Middle","rev_mill":1303.46},{"X.1":456,"film":"Zombieland","revenue":102391540,"budget":23600000,"language":"en","popularity":27.48,"vote.average":7.2,"vote.count":7833,"release.date":"2009-10-07","genre":35,"certification":"R","genre_txt":"Comedy","year":2009,"lustrum":"05-09","decade":"00-09","log_budget":7.3729,"log_rev":8.0103,"id":"19908","pop_cat":"Low","rating_cat":"Middle","rev_mill":102.39},{"X.1":457,"film":"Call Me by Your Name","revenue":41063475,"budget":4000000,"language":"en","popularity":27.32,"vote.average":8.3,"vote.count":6174,"release.date":"2017-09-01","genre":10749,"certification":"R","genre_txt":"Romance","year":2017,"lustrum":"14-19","decade":"10-19","log_budget":6.6021,"log_rev":7.6135,"id":"398818","pop_cat":"Low","rating_cat":"High","rev_mill":41.06},{"X.1":458,"film":"Split","revenue":278454358,"budget":9000000,"language":"en","popularity":22.21,"vote.average":7.3,"vote.count":11713,"release.date":"2017-01-19","genre":27,"certification":"PG-13","genre_txt":"Horror","year":2017,"lustrum":"14-19","decade":"10-19","log_budget":6.9542,"log_rev":8.4448,"id":"381288","pop_cat":"Low","rating_cat":"Middle","rev_mill":278.45},{"X.1":459,"film":"Sweeney Todd The Demon Barber of Fleet Street","revenue":152000000,"budget":50000000,"language":"en","popularity":18.64,"vote.average":7.1,"vote.count":3680,"release.date":"2007-12-20","genre":18,"certification":"R","genre_txt":"Drama","year":2007,"lustrum":"05-09","decade":"00-09","log_budget":7.699,"log_rev":8.1818,"id":"13885","pop_cat":"Low","rating_cat":"Middle","rev_mill":152},{"X.1":460,"film":"101 Dalmatians","revenue":320689294,"budget":54000000,"language":"en","popularity":16.38,"vote.average":5.8,"vote.count":1985,"release.date":"1996-11-17","genre":35,"certification":"G","genre_txt":"Comedy","year":1996,"lustrum":"95-99","decade":"90-99","log_budget":7.7324,"log_rev":8.5061,"id":"11674","pop_cat":"Low","rating_cat":"Low-middle","rev_mill":320.69},{"X.1":461,"film":"Sully","revenue":240797623,"budget":60000000,"language":"en","popularity":15.72,"vote.average":7.1,"vote.count":4442,"release.date":"2016-09-07","genre":18,"certification":"PG-13","genre_txt":"Drama","year":2016,"lustrum":"14-19","decade":"10-19","log_budget":7.7782,"log_rev":8.3817,"id":"363676","pop_cat":"Low","rating_cat":"Middle","rev_mill":240.8},{"X.1":462,"film":"Jason Bourne","revenue":415484914,"budget":120000000,"language":"en","popularity":14.66,"vote.average":6.2,"vote.count":3912,"release.date":"2016-07-27","genre":28,"certification":"PG-13","genre_txt":"Action","year":2016,"lustrum":"14-19","decade":"10-19","log_budget":8.0792,"log_rev":8.6186,"id":"324668","pop_cat":"Low","rating_cat":"Middle","rev_mill":415.48},{"X.1":463,"film":"Taking Lives","revenue":65470529,"budget":45000000,"language":"en","popularity":13.73,"vote.average":6.3,"vote.count":802,"release.date":"2004-03-19","genre":28,"certification":"R","genre_txt":"Action","year":2004,"lustrum":"00-04","decade":"00-09","log_budget":7.6532,"log_rev":7.816,"id":"11081","pop_cat":"Low","rating_cat":"Middle","rev_mill":65.47},{"X.1":464,"film":"The Deer Hunter","revenue":50000000,"budget":15000000,"language":"en","popularity":13.72,"vote.average":8,"vote.count":2021,"release.date":"1978-12-08","genre":18,"certification":"R","genre_txt":"Drama","year":1978,"lustrum":"75-79","decade":"70-79","log_budget":7.1761,"log_rev":7.699,"id":"11778","pop_cat":"Low","rating_cat":"High","rev_mill":50},{"X.1":465,"film":"Sing Street","revenue":13624522,"budget":4000000,"language":"en","popularity":13.25,"vote.average":8,"vote.count":1370,"release.date":"2016-03-11","genre":35,"certification":"PG-13","genre_txt":"Comedy","year":2016,"lustrum":"14-19","decade":"10-19","log_budget":6.6021,"log_rev":7.1343,"id":"369557","pop_cat":"Low","rating_cat":"High","rev_mill":13.62},{"X.1":466,"film":"The Snowman","revenue":43203413,"budget":35000000,"language":"en","popularity":12.81,"vote.average":5.1,"vote.count":1402,"release.date":"2017-10-12","genre":80,"certification":"R","genre_txt":"Crime","year":2017,"lustrum":"14-19","decade":"10-19","log_budget":7.5441,"log_rev":7.6355,"id":"372343","pop_cat":"Low","rating_cat":"Low","rev_mill":43.2},{"X.1":467,"film":"Jerry Maguire","revenue":273552592,"budget":50000000,"language":"en","popularity":12.79,"vote.average":6.9,"vote.count":1831,"release.date":"1996-12-13","genre":35,"certification":"R","genre_txt":"Comedy","year":1996,"lustrum":"95-99","decade":"90-99","log_budget":7.699,"log_rev":8.437,"id":"9390","pop_cat":"Low","rating_cat":"Middle","rev_mill":273.55},{"X.1":468,"film":"The Purge Election Year","revenue":118587880,"budget":10000000,"language":"en","popularity":12.66,"vote.average":6.3,"vote.count":3275,"release.date":"2016-06-29","genre":28,"certification":"R","genre_txt":"Action","year":2016,"lustrum":"14-19","decade":"10-19","log_budget":7,"log_rev":8.074,"id":"316727","pop_cat":"Low","rating_cat":"Middle","rev_mill":118.59},{"X.1":469,"film":"PokÃƒÂ©mon The First Movie  Mewtwo Strikes Back","revenue":163644662,"budget":30000000,"language":"ja","popularity":12.12,"vote.average":6.8,"vote.count":818,"release.date":"1998-07-18","genre":28,"certification":"G","genre_txt":"Action","year":1998,"lustrum":"95-99","decade":"90-99","log_budget":7.4771,"log_rev":8.2139,"id":"10228","pop_cat":"Low","rating_cat":"Middle","rev_mill":163.64},{"X.1":470,"film":"Seed of Chucky","revenue":24829644,"budget":12000000,"language":"en","popularity":12.02,"vote.average":5.1,"vote.count":723,"release.date":"2004-11-11","genre":27,"certification":"R","genre_txt":"Horror","year":2004,"lustrum":"00-04","decade":"00-09","log_budget":7.0792,"log_rev":7.395,"id":"11249","pop_cat":"Low","rating_cat":"Low","rev_mill":24.83},{"X.1":471,"film":"What a Girl Wants","revenue":50700000,"budget":20000000,"language":"en","popularity":11.78,"vote.average":6,"vote.count":995,"release.date":"2003-03-27","genre":35,"certification":"PG","genre_txt":"Comedy","year":2003,"lustrum":"00-04","decade":"00-09","log_budget":7.301,"log_rev":7.705,"id":"10735","pop_cat":"Low","rating_cat":"Middle","rev_mill":50.7},{"X.1":472,"film":"Sinbad Legend of the Seven Seas","revenue":80767884,"budget":60000000,"language":"en","popularity":10.72,"vote.average":6.8,"vote.count":1106,"release.date":"2003-07-02","genre":12,"certification":"PG","genre_txt":"Adventure","year":2003,"lustrum":"00-04","decade":"00-09","log_budget":7.7782,"log_rev":7.9072,"id":"14411","pop_cat":"Low","rating_cat":"Middle","rev_mill":80.77},{"X.1":473,"film":"Assassins","revenue":30303072,"budget":50000000,"language":"en","popularity":10.7,"vote.average":6.2,"vote.count":776,"release.date":"1995-10-06","genre":28,"certification":"R","genre_txt":"Action","year":1995,"lustrum":"95-99","decade":"90-99","log_budget":7.699,"log_rev":7.4815,"id":"9691","pop_cat":"Low","rating_cat":"Middle","rev_mill":30.3},{"X.1":474,"film":"Land of the Lost","revenue":68688831,"budget":100000000,"language":"en","popularity":10.61,"vote.average":5.4,"vote.count":732,"release.date":"2009-06-05","genre":12,"certification":"PG-13","genre_txt":"Adventure","year":2009,"lustrum":"05-09","decade":"00-09","log_budget":8,"log_rev":7.8369,"id":"18162","pop_cat":"Low","rating_cat":"Low","rev_mill":68.69},{"X.1":475,"film":"Kiss the Girls","revenue":60527873,"budget":27000000,"language":"en","popularity":10.23,"vote.average":6.4,"vote.count":719,"release.date":"1997-09-29","genre":80,"certification":"R","genre_txt":"Crime","year":1997,"lustrum":"95-99","decade":"90-99","log_budget":7.4314,"log_rev":7.782,"id":"9437","pop_cat":"Low","rating_cat":"Middle","rev_mill":60.53},{"X.1":476,"film":"Vertical Limit","revenue":215663859,"budget":75000000,"language":"en","popularity":9.74,"vote.average":5.9,"vote.count":562,"release.date":"2000-12-08","genre":28,"certification":"PG-13","genre_txt":"Action","year":2000,"lustrum":"00-04","decade":"00-09","log_budget":7.8751,"log_rev":8.3338,"id":"11678","pop_cat":"Low","rating_cat":"Low-middle","rev_mill":215.66},{"X.1":477,"film":"Shaolin Soccer","revenue":42776760,"budget":10000000,"language":"cn","popularity":9.65,"vote.average":6.7,"vote.count":1021,"release.date":"2001-07-12","genre":28,"certification":"PG","genre_txt":"Action","year":2001,"lustrum":"00-04","decade":"00-09","log_budget":7,"log_rev":7.6312,"id":"11770","pop_cat":"Low","rating_cat":"Middle","rev_mill":42.78},{"X.1":478,"film":"Looney Tunes Back in Action","revenue":68514844,"budget":80000000,"language":"en","popularity":9.63,"vote.average":6,"vote.count":773,"release.date":"2003-11-14","genre":16,"certification":"PG","genre_txt":"Animation","year":2003,"lustrum":"00-04","decade":"00-09","log_budget":7.9031,"log_rev":7.8358,"id":"10715","pop_cat":"Low","rating_cat":"Middle","rev_mill":68.51},{"X.1":479,"film":"Blow Out","revenue":12000000,"budget":18000000,"language":"en","popularity":9.52,"vote.average":7.4,"vote.count":601,"release.date":"1981-07-24","genre":53,"certification":"R","genre_txt":"Thriller","year":1981,"lustrum":"80-84","decade":"80-89","log_budget":7.2553,"log_rev":7.0792,"id":"11644","pop_cat":"Low","rating_cat":"Middle","rev_mill":12},{"X.1":480,"film":"Lolita","revenue":1060056,"budget":62000000,"language":"en","popularity":9.25,"vote.average":7.1,"vote.count":720,"release.date":"1997-09-27","genre":18,"certification":"R","genre_txt":"Drama","year":1997,"lustrum":"95-99","decade":"90-99","log_budget":7.7924,"log_rev":6.0253,"id":"9769","pop_cat":"Low","rating_cat":"Middle","rev_mill":1.06},{"X.1":481,"film":"Beethovens 2nd","revenue":118243066,"budget":15000000,"language":"en","popularity":9,"vote.average":5.2,"vote.count":510,"release.date":"1993-12-14","genre":35,"certification":"G","genre_txt":"Comedy","year":1993,"lustrum":"90-94","decade":"90-99","log_budget":7.1761,"log_rev":8.0728,"id":"10438","pop_cat":"Low","rating_cat":"Low","rev_mill":118.24},{"X.1":482,"film":"Kickboxer","revenue":14697005,"budget":1500000,"language":"en","popularity":8.88,"vote.average":6.5,"vote.count":575,"release.date":"1989-04-20","genre":28,"certification":"R","genre_txt":"Action","year":1989,"lustrum":"85-89","decade":"80-89","log_budget":6.1761,"log_rev":7.1672,"id":"10222","pop_cat":"Low","rating_cat":"Middle","rev_mill":14.7},{"X.1":483,"film":"Short Circuit 2","revenue":21630088,"budget":10000000,"language":"en","popularity":8.82,"vote.average":5.9,"vote.count":310,"release.date":"1988-07-06","genre":35,"certification":"PG","genre_txt":"Comedy","year":1988,"lustrum":"85-89","decade":"80-89","log_budget":7,"log_rev":7.3351,"id":"11966","pop_cat":"Low","rating_cat":"Low-middle","rev_mill":21.63},{"X.1":484,"film":"The Dead Zone","revenue":20766616,"budget":10000000,"language":"en","popularity":8.77,"vote.average":7.1,"vote.count":711,"release.date":"1983-10-21","genre":27,"certification":"R","genre_txt":"Horror","year":1983,"lustrum":"80-84","decade":"80-89","log_budget":7,"log_rev":7.3174,"id":"11336","pop_cat":"Low","rating_cat":"Middle","rev_mill":20.77},{"X.1":485,"film":"The Andromeda Strain","revenue":12376563,"budget":6500000,"language":"en","popularity":8.73,"vote.average":7,"vote.count":325,"release.date":"1971-03-12","genre":878,"certification":"G","genre_txt":"Science Fiction","year":1971,"lustrum":"70-74","decade":"70-79","log_budget":6.8129,"log_rev":7.0926,"id":"10514","pop_cat":"Low","rating_cat":"Middle","rev_mill":12.38},{"X.1":486,"film":"Pink Floyd The Wall","revenue":22244207,"budget":12000000,"language":"en","popularity":8.56,"vote.average":8,"vote.count":749,"release.date":"1982-07-14","genre":10402,"certification":"R","genre_txt":"Music","year":1982,"lustrum":"80-84","decade":"80-89","log_budget":7.0792,"log_rev":7.3472,"id":"12104","pop_cat":"Low","rating_cat":"High","rev_mill":22.24},{"X.1":487,"film":"Marathon Man","revenue":21709020,"budget":6500000,"language":"en","popularity":8.19,"vote.average":7.4,"vote.count":503,"release.date":"1976-10-08","genre":53,"certification":"R","genre_txt":"Thriller","year":1976,"lustrum":"75-79","decade":"70-79","log_budget":6.8129,"log_rev":7.3366,"id":"10518","pop_cat":"Low","rating_cat":"Middle","rev_mill":21.71},{"X.1":488,"film":"Dead Calm","revenue":7825000,"budget":10400000,"language":"en","popularity":8.13,"vote.average":6.6,"vote.count":354,"release.date":"1989-04-07","genre":27,"certification":"R","genre_txt":"Horror","year":1989,"lustrum":"85-89","decade":"80-89","log_budget":7.017,"log_rev":6.8935,"id":"10493","pop_cat":"Low","rating_cat":"Middle","rev_mill":7.83},{"X.1":489,"film":"Children of the Corn","revenue":14000000,"budget":800000,"language":"en","popularity":7.9,"vote.average":5.7,"vote.count":489,"release.date":"1984-03-09","genre":27,"certification":"R","genre_txt":"Horror","year":1984,"lustrum":"80-84","decade":"80-89","log_budget":5.9031,"log_rev":7.1461,"id":"10823","pop_cat":"Low","rating_cat":"Low-middle","rev_mill":14},{"X.1":490,"film":"Howard the Duck","revenue":37962774,"budget":37000000,"language":"en","popularity":7.61,"vote.average":5.2,"vote.count":518,"release.date":"1986-08-01","genre":35,"certification":"PG","genre_txt":"Comedy","year":1986,"lustrum":"85-89","decade":"80-89","log_budget":7.5682,"log_rev":7.5794,"id":"10658","pop_cat":"Low","rating_cat":"Low","rev_mill":37.96},{"X.1":491,"film":"Masters of the Universe","revenue":17336370,"budget":22000000,"language":"en","popularity":7.6,"vote.average":5.1,"vote.count":382,"release.date":"1987-08-07","genre":28,"certification":"PG","genre_txt":"Action","year":1987,"lustrum":"85-89","decade":"80-89","log_budget":7.3424,"log_rev":7.239,"id":"11649","pop_cat":"Low","rating_cat":"Low","rev_mill":17.34},{"X.1":492,"film":"Prom Night","revenue":14796236,"budget":1500000,"language":"en","popularity":7.59,"vote.average":5.6,"vote.count":173,"release.date":"1980-07-18","genre":27,"certification":"R","genre_txt":"Horror","year":1980,"lustrum":"80-84","decade":"80-89","log_budget":6.1761,"log_rev":7.1702,"id":"36599","pop_cat":"Low","rating_cat":"Low-middle","rev_mill":14.8},{"X.1":493,"film":"Midnight Express","revenue":35000000,"budget":2300000,"language":"en","popularity":7.52,"vote.average":7.7,"vote.count":797,"release.date":"1978-08-31","genre":80,"certification":"R","genre_txt":"Crime","year":1978,"lustrum":"75-79","decade":"70-79","log_budget":6.3617,"log_rev":7.5441,"id":"11327","pop_cat":"Low","rating_cat":"Middle-High","rev_mill":35},{"X.1":494,"film":"Night of the Living Dead","revenue":5835247,"budget":4200000,"language":"en","popularity":7.32,"vote.average":6.7,"vote.count":427,"release.date":"1990-10-18","genre":27,"certification":"R","genre_txt":"Horror","year":1990,"lustrum":"90-94","decade":"90-99","log_budget":6.6232,"log_rev":6.7661,"id":"19185","pop_cat":"Low","rating_cat":"Middle","rev_mill":5.84},{"X.1":495,"film":"1941","revenue":31755742,"budget":35000000,"language":"en","popularity":7.14,"vote.average":5.8,"vote.count":312,"release.date":"1979-12-13","genre":35,"certification":"PG","genre_txt":"Comedy","year":1979,"lustrum":"75-79","decade":"70-79","log_budget":7.5441,"log_rev":7.5018,"id":"11519","pop_cat":"Low","rating_cat":"Low-middle","rev_mill":31.76},{"X.1":496,"film":"Catch22","revenue":24911670,"budget":18000000,"language":"en","popularity":6.2,"vote.average":6.9,"vote.count":147,"release.date":"1970-06-24","genre":35,"certification":"R","genre_txt":"Comedy","year":1970,"lustrum":"70-74","decade":"70-79","log_budget":7.2553,"log_rev":7.3964,"id":"10364","pop_cat":"Low","rating_cat":"Middle","rev_mill":24.91},{"X.1":497,"film":"A Star Is Born","revenue":80000000,"budget":6000000,"language":"en","popularity":6.13,"vote.average":5.9,"vote.count":98,"release.date":"1976-12-16","genre":18,"certification":"R","genre_txt":"Drama","year":1976,"lustrum":"75-79","decade":"70-79","log_budget":6.7782,"log_rev":7.9031,"id":"19610","pop_cat":"Low","rating_cat":"Low-middle","rev_mill":80},{"X.1":498,"film":"Repo Man","revenue":2300000,"budget":1500000,"language":"en","popularity":6.08,"vote.average":6.7,"vote.count":281,"release.date":"1984-02-20","genre":35,"certification":"R","genre_txt":"Comedy","year":1984,"lustrum":"80-84","decade":"80-89","log_budget":6.1761,"log_rev":6.3617,"id":"13820","pop_cat":"Low","rating_cat":"Middle","rev_mill":2.3},{"X.1":499,"film":"The Longest Yard","revenue":43008075,"budget":2900000,"language":"en","popularity":6.06,"vote.average":6.7,"vote.count":129,"release.date":"1974-08-21","genre":35,"certification":"R","genre_txt":"Comedy","year":1974,"lustrum":"70-74","decade":"70-79","log_budget":6.4624,"log_rev":7.6336,"id":"4985","pop_cat":"Low","rating_cat":"Middle","rev_mill":43.01},{"X.1":500,"film":"The Cowboys","revenue":7500000,"budget":6000000,"language":"en","popularity":5.38,"vote.average":7.1,"vote.count":116,"release.date":"1972-01-13","genre":28,"certification":"PG","genre_txt":"Action","year":1972,"lustrum":"70-74","decade":"70-79","log_budget":6.7782,"log_rev":6.8751,"id":"15573","pop_cat":"Low","rating_cat":"Middle","rev_mill":7.5}]
